1765 2987
973 150 1022 188 44

942 345 977 391 §.
1010 342 1044 383 3.

586 467 652 516 De
687 481 843 517 rerum
879 465 1182 515 humanarum
1221 464 1418 514 ratione.

320 605 359 638 Ι.
384 603 460 638 De
487 601 781 646 prae-omna
806 601 1154 643 quarundam
1181 595 1361 643 legum·
1378 582 1680 634 summme.

431 716 507 755 Jam
541 716 715 765 reliquum
747 718 816 764 est,
848 718 885 754 ut
916 714 1224 761 demonstrean
1256 713 1337 763 quid
1357 713 1540 764 Aeschylo
1562 713 1678 751 risum

319 784 364 822 sit
401 783 650 822 necessarium
695 794 781 823 esse
825 782 869 822 ad
917 783 1032 833 ipsam
1079 782 1185 821 vitam
1234 781 1428 820 humanam
1470 790 1600 819 onmes
1645 780 1678 817 iu

318 852 437 899 partes
477 853 569 890 recte
600 850 909 891 conformandam.
970 849 1049 897 Quo
1082 849 1257 900 pertinent
1289 848 1466 897 quaedam
1505 848 1606 898 leges
1638 857 1680 885 eo

318 918 538 964 sanctiores,
585 929 655 968 quo
687 919 805 969 magis
837 918 879 956 iis
911 917 1179 967 quodammodo
1218 918 1400 966 tamquam
1435 915 1680 955 fundamentis

316 986 435 1024 omnis
481 996 538 1025 res
570 986 712 1036 publica
743 986 925 1024 innitatur.
987 985 1101 1033 Quam
1141 984 1187 1024 ad
1218 982 1510 1023 constituendam
1554 993 1678 1021 eorum

318 1053 425 1091 animi
458 1054 656 1103 praeparati
688 1054 810 1098 erunt,
855 1052 912 1101 qui
958 1052 1023 1091 tria
1068 1052 1156 1091 liaeo
1203 1053 1392 1101 praecepta
1437 1050 1679 1089 observarint:

319 1119 472 1159 dicimus
518 1121 669 1170 primum
710 1120 844 1160 cultum
883 1119 1032 1159 deorum
1073 1119 1290 1170 patriorum,
1339 1118 1468 1158 deinde
1514 1118 1678 1167 pietatem

319 1198 404 1238 erga
421 1192 601 1237 parentes,
631 1188 785 1237 denique
816 1187 1046 1227 sanctitatem
1078 1186 1234 1237 hospitii.
1280 1185 1511 1236 Quantopere
1542 1186 1680 1224 intersit

320 1265 382 1293 eas
414 1255 514 1303 sequi
546 1256 660 1305 leges,
693 1255 839 1304 intelligi
873 1255 992 1304 potest
1021 1264 1064 1293 ex
1095 1264 1150 1302 eo,
1181 1252 1276 1302 quod
1309 1252 1422 1292 Danai
1441 1252 1535 1292 tiliae
1555 1252 1678 1302 liospi-

316 1322 364 1360 tio
380 1322 590 1372 Argivorum
618 1324 760 1362 utentes
785 1322 868 1361 nillil
895 1332 958 1371 pro
985 1321 1103 1360 salute
1130 1331 1253 1361 eorum
1280 1320 1346 1360 sibi
1372 1320 1569 1370 optandum
1595 1330 1680 1358 esse

316 1392 453 1436 praeter
484 1389 625 1429 illarum
659 1393 780 1440 legum
813 1388 1065 1428 verecundiam
1097 1389 1233 1428 (incunt
1275 1389 1320 1427 ef.
1353 1386 1480 1438 Suppl.
1517 1385 1591 1427 671
1621 1398 1679 1436 sq.

322 1455 491 1505 (uestes,
538 1458 574 1496 ut
605 1468 716 1507 supra
747 1456 1099 1505 demonstrantium,
1144 1456 1276 1507 impius
1321 1466 1405 1507 erga
1447 1457 1594 1494 matrem
1633 1455 1679 1493 sit

319 1534 472 1563 necesse
502 1528 569 1572 est,
601 1528 638 1564 ut
670 1526 787 1575 pietati
819 1535 906 1575 erga
930 1526 1238 1575 Agamemnonem
1271 1524 1493 1564 satisfaciat:
1525 1522 1679 1569 παῖδες

321 1590 402 1643 γὰρ
434 1586 559 1644 ἀνδρὶ
589 1588 794 1646 κληδόνες
825 1588 1030 1645 σωτήριοι
1061 1589 1242 1631 θανόντι
1276 1602 1295 1631 e
1324 1602 1407 1640 (ps.
1439 1590 1504 1630 Ch.
1524 1587 1606 1629 449
1625 1600 1678 1637 Sti.

320 1657 439 1706 ltaoue
473 1657 600 1698 Furiae
632 1659 882 1709 interrogatae,
914 1658 994 1707 qnid
1026 1658 1073 1697 sit
1089 1669 1236 1706 causae,
1268 1670 1332 1698 cur
1349 1658 1677 1709 Clytaemnestram

318 1725 447 1773 pariter
491 1727 597 1774 atque
627 1725 778 1766 Oresten
826 1737 897 1766 non
931 1728 1142 1776 persecutae
1180 1727 1271 1774 sint,
1317 1724 1554 1775 respondent:
1600 1718 1677 1763 οὔκ

316 1786 364 1842 ἦν
396 1788 586 1844 ὅμαιμος
617 1794 765 1847 φωτὸς
795 1786 843 1832 ὃν
874 1790 1130 1833 κατέκτανεν
1160 1791 1266 1833 Euln.
1285 1791 1379 1832 595.
1425 1792 1526 1840 Quae
1542 1793 1678 1831 sancti-

316 1862 373 1898 tas
405 1870 475 1899 non
509 1860 615 1900 modo
652 1861 696 1899 ad
730 1862 894 1911 pietatem
927 1860 1119 1900 liberorum
1152 1871 1238 1910 erga
1270 1862 1437 1910 parentes
1476 1860 1540 1899 sed
1573 1860 1678 1899 etiam

317 1929 361 1965 ad
394 1937 535 1975 omnes,
566 1928 623 1976 qui
655 1928 835 1977 sanguine
865 1927 1044 1976 conjuncti
1077 1929 1175 1975 sunt,
1209 1928 1371 1976 pertinet.
1410 1926 1502 1966 Nam
1521 1928 1678 1977 virgines

319 1993 516 2034 Thebanae
546 1994 731 2035 Eteoclen»
764 1999 1011 2044 praemonent,
1043 2005 1088 2033 ne
1119 2005 1199 2033 cum
1234 1995 1340 2033 tratre
1370 1994 1466 2034 ineat
1499 2004 1676 2044 pugnam:

318 2057 491 2114 ἀνδροῖν
531 2057 567 2102 δ’
601 2057 807 2114 ὁμαίμοιν
837 2058 1031 2109 θάνατος
1064 2052 1139 2102 ὧδ’
1173 2056 1448 2111 αὐτοκτόνος,
1480 2058 1553 2101 οὐκ
1586 2059 1675 2102 ἔστι

317 2129 449 2181 γῆρας
478 2129 605 2169 τοῦδε
635 2130 711 2168 τοῦ
741 2124 990 2180 μιάσματος
1027 2133 1234 2177 (nunquam
1267 2129 1426 2169 senescit
1456 2129 1523 2169 hoc
1556 2130 1678 2179 piacu-

319 2196 411 2243 lum,
450 2196 583 2245 expiari
615 2207 686 2236 non
718 2198 850 2247 potest.
896 2195 1113 2244 Wellauer.)
1158 2194 1256 2246 Sept.
1288 2193 1368 2235 662
1401 2208 1456 2245 sq.
1518 2196 1677 2245 Denique

318 2262 409 2309 qnod
441 2263 564 2301 attinet
606 2263 650 2302 ad
684 2263 968 2312 venerationem,
1013 2275 1082 2313 qua
1121 2262 1212 2302 deos
1251 2264 1387 2314 patrios
1419 2264 1586 2313 prosequi
1619 2264 1675 2303 fas

318 2332 392 2376 est,
437 2339 565 2379 praeco
609 2341 652 2369 ex
684 2332 847 2381 Aegypto
893 2331 1041 2370 veniens
1087 2342 1109 2370 a
1141 2330 1252 2370 Danai
1296 2331 1376 2369 liliis
1409 2335 1593 2377 mouetur,
1640 2336 1676 2370 ut

318 2393 451 2443 θεοὺς
481 2393 713 2449 ἐγχωρίους
743 2400 949 2446 veneretur,
993 2397 1058 2437 sed
1092 2402 1199 2448 negat
1230 2397 1263 2436 id
1295 2408 1336 2436 se
1367 2398 1513 2437 decere:
1553 2391 1673 2438 οὗτοι

318 2463 540 2514 φοβοῦμαι
585 2461 795 2516 δαίμονας
825 2461 922 2512 τοὺς
951 2460 1129 2505 ἐνθάδε·
1176 2460 1227 2505 οὐ
1265 2461 1342 2518 γάρ
1379 2460 1421 2516 μ’
1456 2462 1672 2519 ἔθρεψαν,

319 2523 408 2569 οὐδ’
441 2525 650 2582 ἐγήρασαν
682 2531 824 2586 τροφῇ
855 2532 963 2582 suppl
1010 2530 1093 2571 858
1125 2543 1180 2580 sq,
1212 2533 1255 2571 ef.
1286 2530 1367 2571 887
1400 2544 1455 2581 sq.
