1745 3002
975 201 1023 237 52

433 301 539 341 Nulla
572 304 732 352 protecto
764 304 883 353 opinio
924 305 995 343 tam
1035 305 1178 354 penitus
1217 306 1249 345 in
1283 305 1464 346 mentibus
1495 308 1679 348 nominum

317 369 477 409 iuliaeret
507 380 613 418 quam
645 380 699 419 ea,
731 381 822 418 Quae
853 371 897 410 ad
931 370 1079 411 liberum
1111 372 1205 421 quod
1230 375 1358 412 vocant
1384 374 1566 413 arbitrium
1599 385 1679 425 per-

317 438 414 476 tinet.
476 437 556 476 Non
589 448 660 486 quo
691 437 907 477 contendere
953 439 1020 478 lioc
1067 440 1210 489 quidem
1253 441 1332 480 loco
1370 441 1560 489 voluerim,
1607 453 1678 481 rein

318 506 434 554 ipsam
467 505 598 545 falsam
632 516 740 556 esse,
786 507 849 546 sed
889 507 991 557 pauci
1031 518 1176 558 semper
1206 508 1456 559 inveniuntur,
1500 509 1556 557 qui
1589 510 1682 547 recte

318 571 398 620 ejus
431 572 611 611 notionem
652 576 877 624 perspectam
919 575 1062 615 liabent.
1137 575 1215 622 Qua
1261 576 1293 614 in
1342 586 1376 615 re
1422 576 1480 625 qni
1524 575 1678 624 aliquem

318 638 480 677 refellere
511 643 681 689 conatur,
721 643 863 689 careat,
910 653 953 681 ue
985 653 1068 682 sero
1101 643 1293 693 intelligat,
1339 642 1487 695 Sisyphi
1521 643 1678 682 laborem

317 716 357 744 se
389 707 615 756 suscepisse.
677 708 768 748 Nam
801 710 839 749 ut
870 709 927 749 ille
960 709 1133 760 lapidem,
1172 721 1278 759 quem
1312 710 1365 749 vix
1400 713 1560 759 potuerat
1590 711 1679 750 sub-

318 773 483 819 volvere,
530 786 675 826 semper
716 778 846 817 revolvi
879 777 1036 827 videbat,
1084 779 1137 817 sic
1181 778 1375 828 disputans
1420 777 1597 816 subtiliter
1639 779 1683 817 de

318 841 428 881 libero
471 842 614 882 arbitrio
654 844 900 885 adversarium
949 846 1054 885 eliam
1100 846 1207 894 atque
1251 845 1356 884 etiam
1403 843 1680 894 respondentem

317 909 468 958 audies,
513 921 555 949 se
587 911 728 959 quidem
762 912 880 961 ipsum
920 912 1014 961 quod
1048 912 1199 951 voluerit
1236 922 1349 962 posse
1380 913 1505 952 facere.
1566 911 1678 959 Quem

317 988 472 1017 errorem
504 989 613 1027 ouum
646 979 719 1027 alii,
751 983 825 1019 tum
860 990 972 1030 nuper
1002 978 1287 1029 Scliopenhauer
1323 979 1448 1019 tollere
1480 980 1602 1019 nescio
1632 990 1678 1019 an

316 1046 451 1084 frustra
483 1046 662 1086 studuerit
688 1047 963 1097 dissertatione,
1012 1058 1103 1096 uuae
1137 1047 1307 1097 inscripta
1346 1049 1417 1086 est:
1465 1046 1581 1086 Ueber
1624 1046 1681 1086 die

316 1111 470 1152 Freineit
500 1114 566 1153 des
597 1114 867 1153 inensehliclien
901 1114 1057 1154 Willens
1096 1114 1180 1161 (Die
1212 1114 1337 1153 beiden
1370 1114 1680 1165 Grundprobleme

315 1180 378 1218 cler
408 1180 513 1220 Etliik
546 1182 738 1222 beliandelt
783 1182 816 1221 iu
856 1182 949 1221 zwei
987 1180 1269 1220 akademiselien
1301 1180 1577 1222 Preisschritten
1610 1193 1678 1222 von

315 1247 376 1287 Dr.
409 1250 448 1288 A.
481 1247 777 1299 Scliopenliauer.
832 1249 972 1288 Zweite
1004 1247 1165 1300 Aullage.
1226 1249 1373 1299 Leipzig
1407 1245 1548 1292 1860.)
1606 1247 1678 1288 Sed

317 1316 367 1353 vir
398 1316 723 1366 ingeniosissimus
770 1327 896 1366 parum
943 1316 976 1356 in
1010 1317 1183 1368 Aeschyli
1223 1317 1430 1367 tragoedias
1469 1316 1682 1356 incubuisse

317 1382 397 1421 ruini
431 1382 568 1422 videtur
600 1384 830 1434 perlustranti
864 1384 957 1424 tiano
987 1384 1067 1433 ejus
1089 1385 1324 1424 sententiam:
1355 1384 1538 1433 „Atriden
1569 1395 1678 1425 wenn

314 1450 406 1488 aucti
455 1450 549 1489 niclit
586 1451 742 1490 deutlich
781 1451 999 1500 erl‹aiiiiteii‚
1045 1451 1136 1491 docti
1173 1451 1356 1502 gefuulteu
1389 1450 1681 1503 Ueherzeugung

316 1527 383 1556 von
431 1517 492 1556 dei·
532 1521 705 1568 strengen
738 1518 1054 1569 Notliwendigkeit
1099 1519 1193 1558 alles
1224 1519 1507 1558 Gesclielienden
1555 1520 1680 1559 berulit

314 1584 407 1623 ancli
440 1584 496 1622 die
535 1585 587 1623 bei
619 1585 687 1623 <len
722 1586 823 1624 Alten
865 1596 908 1624 so
941 1586 1010 1625 l'est
1041 1586 1214 1625 steliende
1246 1586 1395 1625 Ansiclit
1426 1597 1506 1625 vom
1538 1586 1680 1636 Fatum,

313 1652 376 1690 der
407 1647 643 1706 εὶμαρμενη
677 1652 718 1700 (l.
752 1652 760 1691 l
808 1664 889 1703 pag.
923 1650 1037 1697 60),“
1069 1655 1112 1693 At
1142 1653 1234 1692 enim
1268 1663 1339 1692 non
1371 1653 1414 1691 de
1446 1664 1561 1694 sensu
1587 1665 1676 1703 quo·

314 1719 397 1758 dam
432 1719 583 1766 incerto,
616 1730 687 1768 quo
719 1721 858 1758 veteres
890 1721 1010 1759 omnia
1043 1720 1262 1759 necessitate
1300 1720 1373 1759 lieri
1406 1722 1680 1772 praesagieriut,

315 1787 365 1824 vir
395 1786 635 1826 doctissimus
666 1787 782 1826 dicere
813 1786 985 1826 debebat-
1016 1787 1088 1827 lmo
1114 1787 1368 1826 nihilomnino
1401 1789 1490 1828 torte
1506 1788 1680 1837 accidere,

313 1853 480 1902 quiduuid
513 1855 689 1893 efficiatur
720 1865 738 1892 e
770 1860 866 1893 certa
898 1856 1115 1903 caiisat'ieri,
1147 1865 1300 1905 prorsus
1319 1855 1525 1895 intellexere
1542 1857 1677 1896 Graeci.

316 1920 359 1959 lit
391 1921 448 1969 qui
480 1921 573 1959 credi
608 1922 738 1970 potest,
770 1922 877 1959 menti
910 1921 1121 1961 educatione
1153 1932 1223 1960 non
1256 1921 1470 1971 depravatae
1501 1923 1535 1960 et
1565 1932 1678 1961 sanae

314 1987 502 2037 eidemque
547 1988 592 2027 ab
631 1988 727 2027 omni
768 1987 1010 2038 praejudicata
1047 1989 1216 2039 opinione
1247 1988 1379 2027 liberae
1425 1987 1455 2027 id
1495 1999 1565 2028 non
1600 1999 1678 2038 per-

313 2066 468 2094 suasum
501 2053 619 2098 esse?
680 2057 731 2095 An
778 2056 871 2104 quod
918 2056 965 2095 illi
1007 2067 1078 2095 rem
1118 2067 1163 2095 ne
1201 2056 1234 2094 in
1274 2055 1505 2095 difficiliorem
1538 2056 1677 2105 quidem

312 2123 563 2171 quaestionem
597 2124 835 2163 revocandam
868 2125 1049 2173 putarunt,
1083 2125 1119 2163 ut
1150 2134 1231 2173 nOS,
1263 2124 1376 2164 obruti
1401 2123 1538 2163 scilicet
1561 2123 1678 2163 adhue

313 2191 416 2229 medii
448 2190 524 2229 aevi
561 2191 764 2240 erroribus,
807 2190 902 2243 apud
936 2201 1001 2230 eos
1039 2201 1081 2230 ea
1112 2186 1256 2245 γνώμη
1297 2191 1380 2230 τῶν
1412 2189 1679 2244 κεκτημένων

313 2269 384 2297 non
418 2256 523 2296 erat?
1712 2311 1713 2316 Ἰ

429 2326 549 2374 ltaque
579 2325 674 2374 quod
707 2325 838 2367 subest
872 2325 920 2366 illi
952 2325 1113 2365 omnium
1148 2335 1266 2366 rerum
1293 2324 1500 2364 necessitati
1532 2334 1683 2373 eamque

313 2395 494 2442 tamquam
547 2393 635 2443 regit
678 2394 712 2431 et
757 2393 876 2441 ducit,
924 2393 956 2432 id
990 2393 1199 2444 Aeschylus
1240 2391 1357 2431 tribuit
1394 2391 1463 2430 diis
1497 2392 1685 2432 tatalibus:

312 2456 574 2514 Εἱμαρμένῃ,
613 2459 890 2518 Πεπρωμέιιῃ
921 2463 955 2499 et
987 2461 1130 2510 quidem
1165 2462 1223 2508 ita,
1256 2464 1433 2499 utearum
1455 2458 1679 2499 efficientiam

311 2528 414 2575 quasi
447 2538 509 2577 per
540 2537 682 2566 omnem
716 2538 833 2570 rerum
866 2531 1031 2572 naturam
1065 2528 1195 2568 rideret
1221 2526 1351 2576 pariter
1367 2527 1568 2577 dispersam
1602 2525 1681 2564 sine

312 2594 384 2637 ulla
417 2594 644 2634 distinctione
676 2605 798 2634 earum
834 2595 1037 2644 notionum?
1084 2606 1176 2643 uuas
1218 2606 1285 2634 uos
1324 2594 1477 2633 dicimus
1515 2586 1682 2642 ‚‚Naiiii·“
