1748 3043
700 118 738 155 Π

36 222 146 272 Διὸς
177 219 268 263 'uio'
302 219 556 276 ι-’κῑιράξασα
589 225 653 272 Ag.
688 221 780 262 559.
848 220 985 272 Θέμις
1016 222 1095 271 ipsa
1127 222 1283 271 iilipffliir,
1315 233 1403 270 quu—

37 293 159 332 uiinus
177 292 376 342 virginibus
392 291 613 331 connubium
631 293 897 339 extorqueatur.
918 290 1046 339 suppl.
1064 287 1130 326 37.
1149 290 1194 326 οῖ’.
1215 288 1293 326 ibid,
1307 286 1402 326 214¹.

38 360 137 400 Bene
169 361 286 399 iacere
319 370 424 399 nenio
457 361 572 409 initest
606 359 673 397 nisi
706 360 764 407 qui
800 359 889 397 bene
920 357 1069 395 sentiat:
1102 356 1132 394 id
1165 359 1285 394 unicui
1317 356 1404 394 ‹ien-

37 439 114 468 runi
146 427 243 467 don«)
276 426 482 466 hominibus
514 426 683 475 obtingit:
729 423 800 466 καὶ
846 424 894 464 τὸ
939 423 999 478 μὴ
1045 425 1184 470 κακῶς
1230 426 1405 475 φρονεῖν

38 497 173 536 θεοῦ
204 494 455 548 μέγιστον
487 493 658 546 δῶρον
690 494 770 533 ibid.
803 491 896 532 595.
958 494 1037 540 Quo
1076 493 1109 530 in
1151 491 1229 530 loro
1264 492 1405 541 gravis-

38 564 176 602 vissiuii
211 562 380 602 momenti
412 563 488 610 est,
527 561 620 611 quod
657 561 701 600 (le
734 562 890 600 maximo
921 560 1018 600 dono
1049 570 1172 598 serino
1203 564 1270 598 est.
1335 558 1408 598 Nec

39 632 186 678 minim,
219 630 391 680 qnoniam
425 629 550 668 ultima
583 639 699 667 reruni
732 628 972 677 gerendarum
1005 638 1118 667 causa
1150 627 1286 666 ratione
1318 638 1406 665 con·
1436 674 1444 677 -

38 699 168 738 [inetur
197 708 261 747 ea,
308 708 379 747 qua
412 698 669 746 unnsquisque
700 697 833 735 sentiat
856 696 899 743 ¹).
962 696 1064 745 Atqui
1097 698 1191 733 certe
1229 698 1321 733 recte
1354 696 1406 733 i'a-

37 766 151 806 ciendi
184 768 349 816 potestas
381 765 450 804 sita
482 766 539 804 est
571 766 603 804 in
637 765 745 803 rectis
767 764 979 811 senteiitiis3
1008 774 1102 812 quas
1134 763 1192 812 qui
1226 763 1344 808 habet,
1377 763 1407 801 id

39 835 256 885 potissimus
287 834 373 884 agit,
406 835 443 872 ut
474 832 645 872 omnibus
677 833 710 871 in
745 832 853 871 rebus
885 834 1005 870 teneat
1036 830 1197 870 niodum.
1258 830 1311 870 lix
1336 841 1408 880 qno

37 902 208 950 eflicitur,
256 903 293 940 ut
331 898 389 954 μὴ
429 901 572 948 κακῶς
612 903 786 954 φρονεῖν
817 910 903 947 eoS‚
950 899 1007 948 qui
1041 899 1223 938 moderate
1263 899 1409 947 saciant,

132 1058 167 1096 1)
191 1058 231 1090 Iu
256 1068 323 1100 quo
348 1057 510 1089 videlicet
532 1068 744 1100 magnopere
769 1058 883 1097 refert,
909 1068 999 1099 quae
1025 1059 1110 1089 ratio
1137 1061 1262 1089 natura
1286 1058 1405 1089 innata

39 1118 84 1149 sit
107 1117 143 1148 in
166 1116 339 1148 mentibus
364 1114 550 1147 hominum.
599 1115 785 1146 Enimvero
812 1115 977 1146 naturalis
1003 1115 1064 1146 illa
1089 1115 1266 1146 inclinatio
1288 1116 1408 1146 immu-

37 1167 194 1206 bilis'est
222 1182 334 1214 neque
360 1171 550 1203 eruditione
583 1171 683 1203 evelli
714 1176 841 1213 potest,
880 1172 1103 1213 quamobrem
1140 1182 1182 1202 ne
1219 1172 1410 1203 sententiae

38 1229 309 1271 („Gedanken“)
336 1228 474 1270 quidem
498 1238 568 1259 non
593 1230 812 1260 necessariae
837 1231 918 1260 sunt
952 1229 1014 1265 (cf.
1040 1228 1198 1260 Schilleri
1224 1228 1323 1260 illud:
1351 1229 1408 1260 Sie

38 1287 89 1318 sie
113 1285 335 1327 nothwendig
360 1286 423 1316 wie
450 1285 510 1316 des
531 1285 682 1316 Baumes
696 1285 838 1324 Frucht,
863 1286 912 1316 sie
925 1284 1019 1315 kann
1034 1285 1093 1316 der
1107 1285 1411 1327 Zufallgaukelnd

39 1341 135 1374 nicht
157 1340 380 1373 verwandelu
406 1345 440 1373 et
463 1343 542 1373 item
559 1341 743 1374 Goethius:
769 1341 850 1373 Und
874 1341 975 1373 keine
989 1342 1066 1374 Zeit
1090 1342 1276 1390 undkeine
1290 1342 1410 1373 Macht

38 1398 250 1431 zerstiickelt
274 1400 441 1440 gepriigte
454 1398 569 1438 Forni,
596 1398 650 1429 die
675 1397 800 1429 lebend
825 1397 900 1429 sich
925 1399 1148 1431 entwickelt.)
1182 1398 1249 1430 Sed
1269 1398 1407 1440 quidam

38 1458 265 1498 negaverunt,
291 1464 311 1486 a
337 1454 480 1486 Graecis
507 1455 618 1496 poetis
643 1454 800 1487 homines
825 1456 978 1487 moribus
1005 1466 1139 1497 semper
1162 1453 1284 1486 iisdem
1310 1465 1408 1497 prae-

38 1512 127 1544 ditos
152 1511 360 1553 eosdemque
386 1512 450 1543 sibi
465 1514 677 1551 constantes,
704 1522 789 1552 quos
815 1522 878 1544 nos
901 1513 1046 1544 dicimus
1073 1511 1346 1553 ,‚Charaktere“,
1372 1513 1407 1543 in

38 1579 177 1601 scenam
201 1568 388 1610 productos
413 1578 500 1600 esse.
551 1568 652 1608 Quod
677 1569 848 1609 quomodo
876 1568 917 1600 de
943 1568 1142 1611 Oedipode,
1173 1569 1296 1610 Ajace,
1327 1569 1408 1601 Phi-

38 1626 180 1666 loetete,
215 1624 423 1657 Prometheo
462 1625 609 1667 aliisque
646 1625 714 1656 dici
739 1626 889 1667 potuerit
920 1626 1077 1667 equidem
1102 1627 1232 1659 nescio.
1281 1627 1409 1666 Quam-

39 1693 142 1725 quam
166 1691 235 1713 uon
260 1685 332 1713 tam
345 1681 421 1713 fuse
444 1692 544 1723 quam
559 1683 769 1714 recentiores
794 1684 918 1723 poetae
943 1682 1056 1714 solent
1072 1682 1268 1723 Aeschylus
1293 1683 1410 1724 singu-

37 1739 148 1771 larum
172 1748 399 1780 personarum
435 1747 547 1769 mores
584 1738 768 1779 descripsit
802 1748 866 1769 nec
901 1734 1078 1779 tamquam
1116 1738 1269 1770 diversas
1306 1739 1411 1770 animi

37 1795 148 1827 intimi
172 1798 291 1835 partes
315 1793 473 1826 homines
496 1794 590 1836 ipsos
616 1794 840 1835 inspicientes
865 1794 958 1834 fecit,
983 1798 1098 1826 tamen
1122 1798 1160 1826 ut
1184 1794 1249 1827 diis
1274 1795 1325 1827 sic
1349 1795 1410 1827 ho-

37 1851 186 1884 minibus
212 1859 311 1882 suam
336 1850 459 1891 cuique
492 1854 650 1882 naturam
675 1851 807 1883 tribuit.
853 1850 976 1892 Itaque
1000 1861 1133 1891 vereor,
1158 1861 1202 1882 ne
1225 1862 1295 1882 non
1319 1855 1412 1884 recte

41 1918 78 1940 se
101 1907 254 1939 habeant
278 1916 335 1946 ea,
369 1916 456 1947 quae
481 1906 524 1939 K.
551 1906 696 1938 Fischer
721 1907 763 1939 de
786 1908 944 1949 personis
969 1907 1190 1948 antiquarum
1214 1909 1410 1950 tragoedia·

40 1975 117 1997 rum
142 1963 275 1996 dixerit.
301 1961 367 2004 (Cf.
383 1962 510 1995 Gesch.
534 1962 594 1994 der
619 1973 770 1995 neueren
782 1963 1006 2005 Philosophie
1019 1974 1050 1996 v.
1066 1965 1279 2006 K.Fischer,
1304 1966 1409 1999 LBd.

38 2032 72 2063 p.
103 2019 195 2059 415.)
241 2019 283 2051 Id
307 2019 399 2061 quod
423 2030 464 2051 eo
490 2020 601 2062 magis
627 2019 788 2060 offendit,
815 2031 883 2062 quo
905 2020 1046 2062 propius
1072 2023 1271 2062 ceteroquin
1292 2022 1407 2064 dispu-

37 2078 122 2110 tatio
146 2077 212 2108 viri
236 2076 426 2108 doctissimi
449 2076 493 2108 ad
514 2077 704 2108 Britannici
729 2079 851 2119 poetae
870 2076 1041 2118 quendam
1066 2076 1276 2109 fatalismum
1301 2089 1319 2109 e
1336 2089 1407 2111 mo-

37 2144 113 2165 rum
149 2136 183 2165 et
206 2132 391 2165 affectuum
420 2134 628 2165 necessitate
657 2132 754 2164 illum
793 2133 933 2175 quidem
957 2133 1232 2175 proficiscentem
1258 2136 1407 2166 accessit

40 2190 98 2231 (cf.
122 2190 206 2222 ibid.
237 2199 317 2231 pag.
343 2186 425 2228 416)
499 2190 566 2230 Qui
596 2189 789 2222 fatalismus
827 2200 930 2232 quum
965 2191 1000 2221 in
1031 2191 1115 2231 ipsis
1146 2191 1303 2231 personis
1336 2201 1408 2224 ecr-

38 2250 151 2288 natur,
176 2245 396 2278 vehementer
419 2246 577 2287 peccavit
596 2246 798 2287 Bluemner,
823 2246 1039 2288 distinguens
1065 2248 1124 2286 ita,
1149 2251 1188 2278 ut
1211 2247 1408 2289 affirmaret,

39 2303 251 2345 separandas
277 2313 355 2334 esse
377 2299 578 2344 tragoedias
602 2303 726 2335 fatales
756 2313 778 2334 a
803 2304 994 2345 tragoediis
1031 2303 1076 2334 ad
1099 2304 1206 2335 animi
1227 2305 1408 2345 pei-tnrba-

40 2362 152 2392 tiones
188 2359 441 2401 pertinentibus
478 2358 537 2400 (cf.
562 2359 584 2392 l.
610 2358 633 2393 l.
657 2369 738 2401 pag.
766 2356 863 2400 162),
900 2360 1057 2402 quamvis
1092 2359 1167 2400 ipse
1203 2360 1335 2393 Joanni
1365 2362 1408 2393 de

39 2416 207 2449 Mueller-o
231 2417 441 2448 assentiatur
465 2416 517 2447 sic
542 2415 687 2447 dicenti:
714 2416 821 2456 „Was
836 2416 960 2448 anders
987 2416 1063 2448 sind
1078 2416 1144 2456 dic,
1171 2417 1302 2449 welche
1321 2418 1407 2450 alles

39 2483 82 2505 zu
105 2469 273 2515 bevffegen
297 2472 462 2514 glauben,
485 2472 537 2504 als
561 2472 693 2513 Eadem
719 2472 774 2504 die
798 2472 893 2504 nicht
917 2472 1023 2505 dahin
1048 2473 1181 2514 gehen,
1218 2474 1331 2505 wohin
1356 2476 1407 2507 sie

37 2528 174 2570 wollen,
187 2528 336 2562 sondern
347 2529 487 2570 gefiihrt
498 2539 566 2561 von
580 2528 657 2560 dem
671 2528 990 2561 unerforschlichen
1005 2528 1146 2561 Geist‘?“
1172 2529 1209 2571 (l.
1223 2530 1246 2562 1.
1261 2541 1294 2572 p.
1311 2529 1403 2570 151.)
