1785 3033
1017 134 1062 172 14

357 245 461 291 nant,
507 242 588 281 item
636 239 680 280 ad
712 251 791 280 eam
830 239 962 279 ducere
992 239 1249 279 Prometheum
1282 238 1447 287 student3
1492 239 1595 288 eique
1640 248 1721 289 per·

356 309 512 350 suadere
543 309 733 358 conantur,
766 311 804 348 ut
834 317 971 347 morem
993 306 1068 348 Jovi
1100 309 1214 358 gerat,
1245 307 1302 346 hie
1333 317 1375 346 se
1406 308 1486 358 ipso
1518 307 1579 347 niti
1612 306 1727 358 pergit

357 389 471 428 neque
503 378 605 418 aliter
636 375 820 417 Oceanum
853 376 995 426 excipit.
1071 375 1107 416 ln
1145 375 1214 414 diis
1246 374 1418 415 fatalibus
1439 377 1565 424 ‘quum
1604 374 1727 414 emula

356 446 429 486 sint
460 447 597 497 posita,
645 455 716 484 uon
750 445 870 495 potest
900 444 992 493 fieri,
1040 447 1077 484 ut
1108 444 1300 493 quisquam
1335 444 1394 483 tati
1428 443 1530 495 leges
1561 442 1728 494 effugiat3

358 516 395 554 ut
416 513 496 563 jam
529 514 758 564 perspicuum
791 513 858 562 sit,
904 512 1146 552 Herodoteum
1188 511 1275 552 illud
1322 509 1398 565 τὴν
1439 508 1728 565 πεπρωμένην

355 579 528 635 μοίρην
545 576 734 623 ἀδύνατά
755 578 868 621 ἐστιν
890 576 1163 635 ἀποφυγέειν
1180 579 1251 620 καὶ
1278 580 1372 634 θεῷ
1388 590 1410 619 a
1426 581 1501 619 fato
1519 578 1727 631 Aeschyleo

357 660 428 689 non
460 649 665 690 abhorrere.
727 648 896 688 Eteocles
942 649 1059 689 iturus
1106 648 1150 688 ad
1193 650 1373 687 certamen
1413 647 1603 699 singulare
1648 657 1728 686 cum

358 718 465 758 fratre
496 716 763 757 conserendum
795 716 965 756 admonet
997 716 1168 762 chorum,
1201 727 1245 755 ne
1276 716 1429 755 inaniter
1459 720 1647 765 queratur:
1679 709 1729 754 οὐ

358 782 439 839 γάρ
472 800 509 825 τι
543 784 709 835 μᾶλλον
738 782 797 839 μὴ
817 780 955 839 φύγῃς
987 783 1035 824 τὸ
1053 782 1270 838 μόρσιμον
1287 783 1387 834 Sept.
1405 780 1501 832 264,
1533 783 1597 821 cf.:
1631 779 1726 822 ἐπεὶ

357 852 406 893 τὸ
439 854 617 907 πρᾶγμα
649 847 766 905 κάρτ’
800 847 1059 905 ἐπισπέρχει
1078 848 1212 913 δι’]«ιεός.
1247 847 1326 892 ἴτω
1358 846 1446 891 κατ’
1467 844 1597 904 οὖρον
1614 850 1728 901 κῦμα

358 923 570 962 Κωκυτοῦ
604 917 749 972 λαχόν,
786 915 939 973 Φοίβῳ
971 919 1200 975 στυγηθὲν,
1235 920 1323 960 πᾶν
1354 917 1405 967 τὰ
1421 915 1576 959 Λαΐου
1593 916 1728 971 γένος.

358 990 441 1030 ibid.
475 987 557 1029 670
603 989 647 1029 ct.
682 984 763 1027 683
796 997 851 1035 sq,
914 985 1020 1026 Porta
1056 987 1252 1035 Thebana,
1297 987 1331 1027 in
1372 998 1441 1038 qua
1473 988 1603 1027 fratres
1641 995 1727 1025 sese

359 1058 612 1097 interficientes
643 1056 735 1095 diem
768 1055 952 1103 obierunt,
998 1056 1043 1095 ab
1075 1056 1156 1106 ipso
1188 1055 1353 1106 Apolline
1385 1059 1560 1106 occupata
1591 1056 1648 1094 est
1686 1065 1729 1093 ex

358 1125 508 1166 oraculo
539 1135 601 1172 eo,
640 1123 736 1173 quod
767 1123 850 1163 olim
887 1123 972 1174 Laj0
1003 1124 1136 1164 editum
1168 1126 1261 1163 erat:
1308 1122 1384 1171 τὰς
1415 1119 1450 1163 ὸ’
1484 1119 1673 1174 ἑβδόμας
1705 1115 1726 1159 ὁ

361 1191 514 1244 σεμνὸς
567 1188 868 1245 ἑβδομαγέτας
915 1186 1025 1241 τ’(ἰναξ
1073 1187 1304 1233 Ἀπόλλων
1350 1186 1490 1239 εἵλετ’,
1544 1187 1730 1231 Οἰδίπου

359 1261 471 1316 γένει
547 1257 774 1313 κραίνων
849 1258 1079 1308 παλαιὰς
1140 1258 1321 1301 Λαΐου
1396 1254 1728 1310 δυσβουλίας.

359 1329 460 1381 Sept.
480 1327 557 1369 781
586 1339 628 1377 sq
681 1327 873 1368 Enimvero
906 1327 1095 1383 θέσφατ’
1131 1325 1207 1370 οὐκ
1239 1324 1500 1380 ἀμβλύνεται
1534 1326 1614 1366 ibid.
1632 1323 1728 1365 824.

360 1398 411 1438 De
430 1399 542 1437 morte
561 1397 711 1436 fratrum
730 1396 882 1436 chorus:
916 1393 1054 1446 ot‘fzmg
1087 1392 1109 1435 ὃ
1130 1394 1296 1448 δαίμων
1328 1391 1474 1444 κοινός
1497 1388 1544 1448 ἧν
1564 1389 1729 1447 ἀμφοῖν

361 1462 450 1518 ἅμα
496 1465 579 1505 ibid.
620 1462 714 1504 794.
763 1466 808 1504 cf,
857 1464 927 1505 nai
975 1466 1095 1505 δυοῖν
1127 1461 1347 1518 κρατήσας
1393 1461 1518 1518 ἔληξε
1565 1460 1731 1514 δαίμων

360 1534 442 1574 ibid.
474 1531 570 1573 931.
630 1531 778 1572 Praeter
807 1536 966 1587 μοῖραν
999 1533 1195 1584 Oedipodis
1234 1532 1358 1572 umbra
1405 1533 1439 1571 et
1471 1530 1576 1571 Furia
1621 1531 1730 1581 parti-

360 1604 460 1653 cipes
508 1602 595 1640 sunt
633 1600 755 1640 caedis
796 1600 912 1640 illius:
958 1601 1025 1640 ibid
1074 1599 1155 1641 954
1187 1612 1242 1650 sq.
1289 1601 1334 1640 cf.
1371 1597 1489 1639 1041.
1536 1620 1589 1626 -
1636 1597 1730 1638 Tota

360 1669 563 1723 tragoedia,
595 1679 688 1718 quae
720 1667 974 1708 Prometheum
1010 1669 1164 1709 vinctum
1198 1669 1458 1718 repraesentat,
1491 1677 1556 1707 eos
1590 1666 1731 1713 rei'ellit,

359 1750 421 1789 qui
467 1747 610 1778 omnem
652 1736 890 1776 calamitatem
938 1737 1188 1777 tantummodo
1235 1747 1253 1775 e
1285 1747 1353 1776 sua
1398 1734 1579 1785 cujusque
1624 1734 1732 1785 culpa

359 1806 440 1845 oriri
472 1806 664 1845 at'tirmant.
742 1803 775 1843 ld
816 1804 909 1853 quod
952 1804 1031 1844 ideo
1064 1816 1217 1856 prorsus
1257 1805 1358 1844 aliter
1390 1814 1431 1842 se
1464 1803 1589 1853 habet,
1634 1802 1729 1852 quod

360 1874 480 1923 utique
521 1873 575 1911 vis
614 1872 673 1911 fati
705 1872 807 1922 dirigi
839 1874 1023 1921 tamquam
1056 1872 1275 1921 quibusdam
1308 1871 1407 1920 juris
1439 1871 1553 1911 civilis
1587 1871 1731 1923 legibus

362 1951 432 1980 non
467 1941 606 1991 potest3
652 1939 723 1979 imo
768 1941 882 1978 fatum
929 1950 1044 1988 aequa
1085 1942 1203 1979 mente
1241 1939 1468 1980 tolerandum
1501 1942 1576 1989 est,
1622 1950 1732 1989 quum

363 2019 498 2048 causae
545 2007 764 2058 saepissime
816 2007 963 2059 intelligi
1011 2012 1212 2057 nequeant,
1262 2010 1405 2058 propter
1440 2019 1532 2057 quas
1577 2008 1732 2058 quidque

362 2078 442 2122 fiat,
502 2076 579 2115 sive
625 2075 720 2124 quod
771 2076 915 2115 animus
961 2075 1006 2116 ad
1052 2079 1196 2126 tempus
1248 2079 1343 2115 certe
1387 2076 1618 2127 perturbatus
1664 2082 1732 2123 est,

362 2145 438 2183 sive
468 2144 562 2192 quod
597 2144 781 2183 hominurn
814 2144 998 2195 ingenium
1031 2146 1178 2184 omnino
1211 2155 1281 2184 uon
1314 2146 1407 2184 satis
1438 2143 1619 2194 prudens,
1656 2145 1732 2183 sive

360 2212 456 2262 quod
503 2213 548 2251 dii
586 2212 742 2252 celatum
784 2212 975 2252 voluerunt
997 2211 1037 2261 ¹).
1108 2212 1229 2260 ltaque
1260 2212 1501 2251 Prometheus
1540 2211 1732 2261 respondet

457 2393 492 2431 l)
531 2393 788 2436 Grandiloquus
825 2394 874 2425 sic
906 2391 1041 2434 judicat
1080 2392 1274 2425 Dronkius:
1324 2392 1420 2434 „Das
1457 2393 1548 2435 Ziel,
1584 2392 1732 2425 welches

369 2449 561 2491 Aeschylos
592 2451 627 2481 in
654 2451 714 2483 der
737 2449 936 2492 tragischen
961 2450 1077 2482 Kunst
1099 2449 1286 2492 verfolgte,
1323 2449 1458 2482 sehloss
1495 2451 1530 2482 in
1568 2450 1642 2482 sich
1679 2449 1734 2482 die

364 2506 507 2539 hochste
522 2507 684 2549 Aufgabe
709 2507 770 2539 des
783 2507 973 2549 ringenden
988 2507 1324 2549 Menschengeistes:
1351 2507 1627 2546 nachzuweisen,
1652 2506 1734 2538 dass

365 2562 419 2594 die
445 2563 610 2605 gottliche
636 2563 892 2606 Weltordnung
928 2565 988 2596 mit
1024 2564 1083 2596 der
1108 2564 1312 2606 Intelligenz
1350 2564 1410 2596 der
1436 2562 1650 2596 Sterblichen
1687 2564 1732 2594 im

1781 170 1785 228 ἒ
