1753 3069
629 677 785 733 Cap.
817 678 872 723 Ι.

123 789 302 839 Veram
337 791 641 855 tragoediam
676 793 885 840 maxime
923 794 1008 842 niti
1044 795 1242 844 notione
1279 796 1378 844 fati.

56 909 262 982 Historiam
295 944 452 983 Graecae
498 949 658 994 poeseos
704 947 734 985 si
781 948 1145 998 perlustraveriinus,
1191 950 1431 998 inveniemuS‚

58 1009 211 1058 primum
243 1011 401 1061 epicam,
440 1015 514 1051 tum
550 1013 717 1065 lyricam,
751 1017 935 1065 postremo
966 1017 1139 1068 tragicam
1174 1019 1338 1067 viguisse
1369 1020 1429 1068 ita,

58 1078 94 1116 iit
125 1079 309 1128 tragoedia
355 1080 472 1129 priora
519 1080 577 1120 iiia
617 1091 751 1132 genera
791 1084 969 1134 exciperet
991 1084 1033 1133 ¹).
1096 1085 1198 1133 Quod
1246 1087 1429 1136 quomodo

56 1132 188 1187 factum
221 1147 287 1194 sit,
327 1147 477 1186 breviter
508 1149 774 1189 ostendendum
816 1151 966 1192 videtur.
1028 1152 1210 1194 Homerus
1243 1156 1336 1194 enim
1370 1167 1429 1195 res

56 1212 238 1254 humanas
269 1214 490 1264 deorumque
530 1217 620 1256 inter
651 1227 693 1256 se
724 1223 821 1257 arcte
852 1219 1072 1270 conjunctas
1103 1233 1190 1262 esse
1222 1226 1357 1274 putavit
1396 1228 1430 1263 et

56 1281 186 1332 tibique
225 1283 351 1322 horiiin
390 1282 606 1333 illorumque
647 1295 704 1324 res
745 1286 792 1325 ita
823 1288 1091 1337 quodaminodo
1124 1302 1310 1331 connexas
1343 1303 1425 1342 pro—

55 1351 140 1398 sei-i,
187 1352 224 1389 iit
264 1354 403 1400 praeter
441 1350 531 1390 deos
572 1352 705 1401 aliquid
747 1354 871 1394 inesse
917 1357 950 1396 in
985 1367 1102 1398 rernm
1137 1363 1283 1409 natura,
1332 1359 1426 1400 unde

54 1417 256 1457 mortalium
293 1429 435 1468 quoque
467 1430 525 1458 res
557 1420 750 1470 pendeant,
783 1422 876 1463 nand
911 1435 991 1464 raro
1023 1436 1136 1476 paene
1166 1427 1368 1468 delitescat.

170 1485 242 1526 Sed
274 1487 431 1526 decursu
452 1490 652 1538 temporum
681 1491 829 1530 mutatis
844 1493 940 1542 apud
959 1494 1119 1535 Graecos
1154 1495 1263 1535 retius
1295 1498 1328 1536 et
1360 1506 1426 1548 pn-

54 1553 157 1593 biicis
188 1556 222 1593 et
255 1555 420 1605 privatis,
462 1558 498 1595 iit
529 1557 691 1607 assolet,
732 1561 964 1602 imitabantur
1002 1562 1108 1602 etiam
1140 1565 1344 1604 sententiae
1380 1566 1425 1604 ad

54 1632 169 1661 rernm
201 1622 402 1663 divinarum
436 1626 608 1665 rationem
642 1627 874 1676 pertinentes.
923 1627 1165 1676 Quamobrem
1192 1642 1262 1670 non
1290 1634 1426 1682 poterat

53 1701 124 1731 non
157 1692 251 1739 fieri,
301 1692 384 1741 quin
425 1692 625 1733 fabularein
664 1693 851 1733 historiam
891 1696 992 1736 aliter
1035 1702 1145 1747 atque
1191 1700 1235 1738 ab
1267 1700 1426 1740 Homero

51 1758 186 1798 factum
218 1762 294 1798 erat
325 1760 449 1810 tragici
482 1765 608 1810 poetae
646 1762 681 1800 et
712 1765 922 1802 enarrarent
961 1766 995 1803 et
1025 1765 1260 1807 illustrarent.
1321 1768 1422 1816 Quod

51 1826 214 1876 inprimis
244 1827 279 1866 in
314 1827 386 1867 fato
416 1827 630 1877 explicando
662 1831 830 1880 cernitur,
862 1830 972 1881 cujus
1004 1834 1224 1874 mentionem
1257 1837 1423 1884 quamvis

141 1995 175 2031 l)
199 1996 239 2028 In
264 2007 305 2029 ea
331 1998 501 2029 sententia
526 1997 748 2040 explananda
773 2005 931 2034 versatur
956 2002 1052 2045 liber,
1079 2005 1137 2045 qui
1151 2005 1335 2046 inscriptus
1352 2010 1422 2038 est:

50 2053 233 2094 „Ariadne
282 2054 348 2086 Die
371 2054 547 2096 tragisehe
572 2055 688 2088 Kunst
712 2056 773 2088 der
794 2057 964 2091 Griechen
990 2061 1025 2091 in
1049 2060 1142 2091 ihrer
1158 2058 1422 2104 [fintwic-kelung

47 2108 118 2141 und
141 2111 177 2140 in
201 2110 309 2142 ihrem
323 2110 651 2154 Zusammenhange,
670 2113 732 2144 mit
745 2113 805 2146 der
819 2115 1048 2158 Volkspoesie
1073 2127 1141 2148 von
1157 2117 1197 2149 O.
1212 2118 1250 2151 F.
1270 2118 1421 2160 Gruppe,

45 2165 162 2197 Berlin
191 2165 312 2200 1834.“
361 2168 498 2210 Capite,
535 2169 628 2210 quod
652 2173 705 2202 est
729 2169 771 2202 de
796 2173 929 2214 tragico
955 2172 1025 2205 fato
1050 2185 1130 2216 pag.
1158 2172 1241 2214 709,
1278 2175 1419 2207 demon-

47 2225 185 2263 stratur,
210 2223 317 2256 fatum
344 2235 414 2257 non
437 2229 531 2258 reete
555 2226 764 2259 intellectum
791 2239 885 2269 esse3
910 2231 1035 2262 etenim
1062 2231 1179 2272 „Alles
1194 2237 1324 2264 musste
1338 2243 1411 2264 ver·
1478 2232 1482 2235 ’

44 2278 145 2311 kehrt
167 2280 357 2322 amfallen,
390 2282 513 2314 sobald
536 2293 616 2314 man
641 2282 704 2315 das
731 2283 913 2318 Schieksal
939 2286 991 2319 als
1018 2289 1117 2320 einen
1143 2288 1237 2321 bloss
1263 2289 1415 2331 philoso-

45 2335 211 2376 phischen
235 2337 375 2380 Begriff,
399 2338 496 2371 nicht
519 2339 602 2371 aber
626 2340 678 2372 als
705 2340 959 2384 Schwerpunkt
984 2344 1043 2375 dei·
1066 2345 1267 2387 tragischen
1285 2346 1420 2386 Poes1e,

45 2392 116 2424 und
153 2403 251 2425 wenn
288 2405 365 2427 man
396 2396 581 2428 wiederum
615 2397 669 2430 die
693 2398 816 2431 Poesie
847 2400 944 2432 nicht
973 2402 1005 2432 in
1031 2401 1140 2433 ihrem
1167 2402 1306 2434 wahren
1349 2403 1420 2434 und

44 2460 178 2491 ganzen
205 2451 530 2496 Zusammenhange
554 2455 753 2487 auffasste.“
779 2456 799 2488 l.
827 2456 848 2488 l.
873 2467 954 2500 pag.
979 2455 1054 2491 709.
1088 2459 1156 2491 Sed
1180 2461 1234 2491 vir
1259 2460 1419 2492 doctissi-

43 2516 120 2538 mus
144 2517 213 2539 non
239 2509 322 2540 satis
347 2511 529 2551 perspicue
553 2513 718 2552 ostendit,
757 2514 927 2555 quomodo
966 2526 1048 2547 vera
1071 2517 1250 2558 tragoedia
1284 2528 1324 2549 ex
1349 2518 1420 2550 fato

46 2573 214 2605 suspensa
239 2566 292 2598 sit.

1071 2617 1113 2654 ι,
