1743 3012
696 104 741 142 27

37 204 222 255 ξιώσαιο
256 208 336 248 ibid.
370 207 452 248 358
483 221 538 258 sq.
614 206 688 248 Nec
734 209 933 258 ‹mithnam
979 220 1060 248 cum
1105 208 1174 247 dus
1223 207 1403 258 Olympus

36 276 269 327 conjunctum
317 277 448 317 liabent
495 276 636 316 Furiae.
698 278 861 316 Attamen
908 288 1031 316 earum
1080 287 1215 315 munus
1261 276 1405 314 minime

37 346 143 385 inane
159 347 228 384 est.
273 345 578 393 Controversiam,
610 355 702 394 quae
735 346 849 395 ipsam
882 344 972 383 inter
1002 346 1034 383 et
1058 343 1247 384 l⁴‘urias‹le
1265 342 1406 381 Orestis

35 424 148 453 causa
180 413 239 458 sit,
270 413 463 452 difficilium
479 419 646 462 componi
665 423 777 462 posse
794 412 957 452 concedit
974 411 1132 451 Minerva
1159 409 1204 451 ιὰ
1225 411 1405 463 πρᾶγμα

33 478 181 531 μεῖζον
213 475 238 534 ἢ
270 476 316 521 εἴ
339 495 404 528 τις
434 476 573 520 οἴεται
604 475 706 521 τόδε
736 478 896 533 βροτὸς
928 475 1140 529 δικάζειν·
1189 474 1292 519 οὐδὲ
1322 475 1406 529 μὴν

35 545 128 598 ἐμοὶ
163 546 292 598 θέμις
323 543 458 602 φόνου
491 547 675 602 διαιρεῖν
708 543 992 601 ὀξυμηνίτους
1017 545 1153 596 δίκας.
1186 541 1330 593 ἄλλως
1361 559 1406 585 τε

35 613 106 656 καὶ
134 613 186 655 σὺ
202 615 281 667 μὲν
297 616 575 670 κατηρτυκὼς
591 610 775 668 δρόμοις
799 616 864 662 (cl.
884 615 1080 654 llerlliaulu'
1095 615 1164 654 edit
1182 613 1351 665 Aescliyl.
1370 612 1407 660 ΙΙ,

37 695 120 735 pag.
152 680 253 723 608:
298 682 477 723 subactus
509 683 686 730 miseriis)
732 679 874 738 ἱκέτης
921 682 1171 736 προςῆλθες
1211 678 1409 733 καθαρὸς

36 747 234 805 ἀβλαβὴς
266 747 417 803 δόμοις
448 748 589 802 ἐμοῖς·
642 744 851 805 ἄμομφον
882 744 985 790 ἷίντα
1019 745 1055 790 δ’
1090 745 1295 800 αἰδοῦμαι
1329 743 1408 788 πό·

37 817 125 859 λει·
187 809 347 859 αὗται
387 815 424 859 δ’
462 816 647 869 -ἔχουσι
692 820 888 872 μοῖραν
934 813 1026 858 οὐκ
1071 813 1409 868 εὐπέμπελον

38 885 122 926 ibid.
153 882 235 925 462
267 896 321 935 sq.
354 886 398 925 cs.
433 883 515 925 472
547 897 603 936 sq.
643 886 722 934 Quo
754 888 803 934 lit,
835 887 872 926 ut
902 886 970 924 (liis
994 885 1146 937 *demum
1180 884 1408 924 horninibus-

36 963 106 1002 que
137 953 310 992 societate
348 953 503 1001 quadam
537 953 742 1003 conjunctis
779 964 894 994 cansa
925 953 1066 1007 Orestis
1112 963 1286 1004 prospere
1327 962 1408 1002 pro·

36 1020 160 1069 cedat,
205 1020 239 1060 in
271 1031 344 1069 quo
375 1022 530 1062 maxime
567 1022 718 1075 Μοῖρα
749 1023 925 1071 cernitur,
971 1022 1101 1072 quippe
1146 1031 1239 1070 quae
1278 1029 1409 1060 omues

37 1088 179 1128 divinas
211 1088 466 1138 humanasque
497 1100 555 1129 res
596 1090 643 1129 ita
682 1089 902 1136 conformet,
949 1090 987 1128 ut
1032 1099 1094 1139 per
1138 1087 1409 1128 consociandos

37 1157 130 1197 deos·
157 1167 239 1196 cum
260 1155 466 1197 hominibus
485 1168 526 1197 se
543 1158 818 1197 conciliatricem
836 1157 942 1197 etiarn
968 1158 1001 1196 in
1020 1156 1194 1196 sedandis
1212 1155 1330 1195 Furiis
1348 1165 1412 1193 ex-

37 1224 168 1267 hibeat.
230 1225 305 1265 Nec
336 1236 419 1265 vero
451 1229 638 1276 propterea
668 1236 794 1264 secum
814 1226 953 1276 pugnat
979 1225 1139 1276 Μοῖρα,
1161 1234 1272 1272 quum
1294 1222 1411 1262 Furiis

38 1294 120 1344 ipsa
151 1304 289 1333 munus
320 1293 480 1333 tribuerit
512 1292 599 1332 illud
633 1293 781 1342 (τοῦτο
799 1290 879 1348 γὰρ
904 1288 1034 1343 λάχος
1051 1289 1253 1333 διανταία
1279 1285 1410 1342 Μοῖρ’

38 1358 287 1402 ἐπέκλωσεν
332 1356 536 1412 ἐμπέδως
574 1357 697 1411 ἔχειν.
740 1359 845 1400 Eum.
879 1358 960 1399 332
992 1362 1090 1409 δᾳ),
1135 1359 1229 1408 quod
1277 1358 1414 1398 scilicet

37 1429 191 1481 mitigari
223 1438 485 1478 nonnunquam
531 1427 565 1467 in
612 1428 737 1468 eadem
776 1425 912 1483 μοίρᾳ
953 1427 1112 1478 positum
1153 1428 1222 1467 est.
1282 1425 1332 1466 lta
1364 1426 1413 1474 ut,

38 1500 72 1537 ut
107 1508 152 1537 ne
183 1497 286 1547 ipsae
316 1496 458 1545 quiden]
490 1495 620 1536 Furiae
652 1506 807 1546 prorsus
850 1496 895 1536 ab
927 1495 1023 1536 omni
1055 1495 1163 1535 modo
1193 1495 1414 1534 abhorreant

37 1569 71 1605 et
103 1565 252 1616 tempori
283 1564 437 1614 denique
476 1564 605 1604 cedant
641 1574 755 1613 seque
786 1564 1015 1604 consormare
1046 1563 1227 1613 patiantur
1272 1562 1316 1601 ad
1350 1572 1414 1601 vo·

39 1633 213 1673 luntatem
247 1643 385 1681 eorum,
416 1641 568 1681 quorum
602 1632 786 1681 proprium
819 1634 876 1672 est
907 1643 1026 1672 rerum
1052 1631 1213 1671 ordinem
1249 1631 1413 1677 retinere,

39 1703 147 1751 atque
192 1701 237 1741 ab
270 1701 326 1742 liis
366 1700 457 1750 ipsis
496 1700 564 1739 hoc
604 1700 661 1738 est
704 1710 726 1738 a
757 1699 972 1753 ῙΙΙοῖραις,
1016 1699 1149 1748 quibus
1195 1698 1415 1749 cognatione

39 1770 146 1809 etiam
178 1768 396 1819 conjunctae
414 1768 578 1807 feruntur
594 1762 796 1820 (Μοίρας
813 1761 1219 1820 πατροκασιγνήτας
1249 1762 1410 1812 ἰῦ.947)

32 1836 112 1885 jam
145 1837 330 1888 mitigatae
359 1835 481 1875 omnia
512 1835 607 1874 bona
637 1834 777 1874 civibus
807 1833 932 1872 Atticis
965 1834 1183 1884 promittant.

155 1958 214 1992 V.
260 1957 340 1993 lle
366 1956 527 2000 eulpa
551 1953 780 2011 eiusque
806 1954 863 1990 Ιιι
887 1965 1076 1991 ren-um
1102 1955 1297 1991 ordine

558 2012 899 2048 necessitate.

154 2106 231 2146 Jam
263 2106 355 2145 satis
386 2105 511 2144 muniti
545 2104 650 2145 uobis
682 2104 844 2144 videmur
874 2114 961 2143 esse
990 2103 1037 2143 ad
1067 2104 1251 2144 notionem
1284 2103 1413 2154 culpae

42 2173 307 2225 explicandam.
367 2172 561 2213 Enimvero
601 2172 707 2212 etiam
738 2172 847 2223 culpa
877 2171 1063 2211 hominum
1096 2171 1275 2224 originem
1314 2171 1414 2210 duxit

40 2252 61 2281 e
92 2241 314 2282 necessitate
359 2241 490 2292 quippe
536 2250 631 2291 quae
674 2241 785 2280 totam
832 2240 938 2279 vitam
984 2238 1258 2288 complectatur.
1319 2237 1415 2278 Sunt

43 2311 164 2349 autem
196 2310 264 2349 hac
294 2309 514 2349 necessitate
546 2307 631 2348 certi
663 2308 849 2348 constituti
880 2306 1044 2355 termini,
1090 2307 1148 2356 qui
1181 2306 1316 2346 moveri
1347 2306 1414 2346 mi-

45 2368 214 2428 grarique
244 2376 345 2416 nullo
377 2376 484 2417 modo
515 2375 660 2416 debent.
721 2374 759 2416 Si
792 2375 874 2426 quis
913 2375 1021 2426 igitur
1055 2373 1241 2413 homiuum
1279 2372 1412 2422 aliquid

41 2444 209 2492 admisit,
252 2454 324 2493 ouo
355 2444 440 2484 illos
470 2444 667 2491 termium,
713 2442 846 2493 quibus
885 2442 1007 2482 mundi
1049 2441 1105 2481 lex
1147 2444 1180 2481 et
1224 2440 1414 2481 harmonia

44 2513 105 2562 (cf.
140 2523 220 2563 pag.
256 2511 300 2560 7)
333 2513 552 2561 continetur,
595 2511 799 2561 transgredi
841 2511 1019 2559 videatur,
1059 2520 1140 2550 eum
1182 2512 1324 2549 sontem
1356 2507 1413 2547 di-
