1785 3033
1013 114 1037 151 8

344 229 415 259 non
447 219 581 269 possit:
615 217 709 268 Clyt.
742 218 814 259 νῦν
846 213 883 259 δ’
918 211 1138 274 ὤρθωσας
1170 215 1384 272 σιόμαιος
1415 218 1604 278 γνώμην,
1640 236 1711 262 τον

341 280 627 340 τριπάχυντον
674 281 860 338 δαίμονα
899 283 1047 340 γέννας
1085 287 1215 341 τῆσδε
1247 283 1496 342 κικλήσκων.
1544 287 1591 331 ἐκ
1636 291 1712 331 τοῦ

341 350 422 407 γὰρ
456 349 565 406 ἔρως
596 349 900 405 αἱματολοιχὸς
932 351 1062 408 νείρει
1087 354 1311 411 τρέφεται,
1346 354 1447 413 πρὶν
1471 355 1711 412 καταλῆξαι

341 418 388 461 τὸ
436 419 621 461 παλαιὸν
668 415 790 474 ὂίχος,
839 419 935 471 νέος
979 418 1095 479 ἴχωρ.
1158 425 1266 465 (Ihor.
1316 418 1339 480 ἧ
1384 424 1496 478 μέγα
1539 422 1711 477 δώμασι

341 485 476 529 τοῖσδ’
517 486 672 540 αἵμονα
718 488 791 531 καὶ
833 486 1076 546 βαρύμηνιν
1123 491 1271 543 αἰνεῖς,
1318 494 1401 548 φεῦ
1449 494 1532 548 φεῦ
1578 491 1710 534 κακὸν

341 548 460 596 αἶνον
493 552 656 610 ἀτηρᾶς
686 553 817 608 τύχας
848 552 1109 612 ἀκορέστου·
1143 556 1208 610 ιἰὺ,
1241 556 1282 617 ἰὴ
1308 559 1548 610 &calmes-
1580 577 1710 602 παν-

342 620 524 665 αιτίου
571 624 883 680 πανεργέτα.
929 622 981 667 τί
1027 626 1121 681 γὰρ
1159 631 1379 682 βροτοῖς
1418 625 1545 671 ἄνευ
1575 627 1710 677 Διὸς

340 693 594 742 τελεῖταις
673 689 726 734 τί
797 691 944 735 τῶνδ’
1021 691 1078 736 οὗ
1147 692 1482 750 θεόκραντόν
1548 695 1711 750 ἑσιιν;

339 760 405 811 Ag.
444 757 547 799 1443
580 771 634 809 ες.
669 760 898 813 (οΓ.’·’8υρρΙ.
934 759 1015 802 790
1046 764 1119 812 sq.)
1145 763 1188 808 ¹).
1251 763 1429 805 Divinitas
1460 766 1567 816 igitur
1598 777 1708 816 quum

429 893 462 936 l)
488 895 671 929 Bluemner
695 898 730 929 in
754 897 898 930 libello:
925 897 1063 938 „Ueber
1087 897 1142 929 die
1169 898 1248 930 ldee
1273 899 1332 931 ‹les
1359 900 1560 932 Schioksals
1585 901 1620 932 in
1647 901 1712 933 den

338 951 557 995 Tragoedien
578 954 639 986 des
653 953 886 997 Aeschylus“‚
911 955 1057 996 Leipzig
1073 952 1160 987 1814
1187 955 1237 987 sic
1255 955 1463 989 hariolatur:
1491 956 1610 998 „Auch
1623 958 1708 999 Kly-

337 1010 539 1042 taimnestra
562 1012 609 1043 ist
621 1011 839 1054 keineswegs
856 1022 936 1043 vom
951 1011 1154 1043 Schicksale
1175 1023 1250 1044 zum
1267 1013 1513 1046 Gattenmorde
1525 1015 1709 1048 bestimmt.

337 1066 437 1099 Zwar
473 1068 609 1100 mochte
643 1069 693 1100 sie
729 1068 789 1100 der
813 1068 928 1101 Moira
959 1068 1014 1100 die
1039 1068 1170 1101 Sehuld
1194 1069 1405 1110 beimessen,
1443 1070 1532 1102 doch
1558 1070 1708 1104 Orestes’

343 1123 499 1156 Antwort
534 1125 685 1167 wiirdigt
722 1126 817 1157 diese
849 1125 986 1157 Anrede
1020 1126 1110 1158 nach
1146 1126 1254 1158 ihrem
1293 1128 1433 1160 wahren
1460 1127 1596 1163 Gehalt.
1643 1129 1709 1161 Die

338 1180 565 1214 Triebfedern
590 1182 705 1224 liegen
730 1183 765 1214 in
791 1182 900 1215 ihrem
925 1183 1070 1225 eigenen
1084 1184 1193 1216 bosen
1209 1184 1337 1216 Willen
1363 1185 1433 1216 und
1445 1184 1545 1216 ihren
1558 1185 1705 1217 Leiden-

337 1237 508 1278 sebasten,
548 1239 603 1270 die
628 1239 866 1282 Agamemnon
890 1239 1024 1271 freilieh
1058 1251 1134 1272 zum
1161 1241 1260 1273 Theil
1299 1241 1407 1274 selbst
1430 1242 1612 1284 aufgeregt
1636 1242 1706 1276 hat.

336 1293 407 1326 Der
431 1296 524 1327 Hass
549 1307 669 1338 wegen
696 1296 895 1339 Iphigeniae
922 1296 1105 1339 Opferung
1135 1298 1252 1331 macht
1276 1300 1485 1342 wenigstens
1518 1299 1593 1330 ihre
1616 1299 1708 1331 That

337 1352 521 1384 erklarlieh
547 1353 616 1384 und
642 1354 790 1386 mindert
813 1354 887 1385 ihre
911 1352 1254 1388 Abscheulichkeit.“
1281 1356 1301 1387 l.
1327 1356 1347 1388 l.
1376 1367 1455 1398 pag.
1484 1355 1560 1389 145.
1609 1357 1707 1397 Quae

336 1409 473 1450 quidem
497 1410 652 1442 refellere
693 1421 757 1443 nee
778 1411 879 1452 juvat
908 1421 973 1442 nee
997 1410 1128 1452 placet,
1166 1413 1257 1453 quod
1293 1413 1322 1445 si
1353 1417 1426 1446 tota
1456 1413 1521 1445 hac
1547 1413 1707 1446 disserta-

335 1467 428 1498 tione
442 1467 685 1500 Bluemnerum
711 1477 845 1500 errasse
869 1478 939 1499 non
953 1468 1150 1509 ostendero,
1176 1470 1333 1511 equidem
1347 1470 1480 1503 fatebor
1499 1480 1553 1501 me
1567 1471 1706 1502 omnino

334 1534 404 1555 non
429 1527 546 1566 aptum
572 1535 649 1556 esse
673 1525 718 1557 ad
742 1525 961 1557 refutandum
984 1525 1097 1557 virum
1123 1525 1372 1561 doctissimum.
1423 1526 1491 1559 Sed
1516 1526 1602 1559 alias
1629 1537 1705 1559 sen-

334 1581 459 1612 tentias
485 1581 682 1613 Bluemneri
706 1592 775 1627 non
801 1592 941 1624 possum
975 1582 1043 1614 non
1069 1582 1182 1615 facere
1219 1587 1258 1616 ut
1280 1584 1400 1616 lectori
1426 1584 1594 1616 benevolo
1619 1583 1703 1626 diju-

336 1636 502 1669 dicandas
521 1639 767 1675 commendem,
794 1650 828 1681 p.
844 1636 910 1671 136
936 1640 985 1671 sic
1011 1640 1054 1671 de
1078 1640 1112 1670 vi
1137 1643 1170 1672 et
1186 1643 1312 1672 natura
1336 1641 1430 1673 chori
1456 1641 1553 1672 dicit:
1581 1641 1704 1681 „Rich-

333 1695 421 1735 tiger
457 1694 541 1726 wird
576 1696 613 1726 in
649 1695 715 1727 den
751 1697 895 1728 meisten
933 1696 1057 1728 Fallen
1095 1696 1155 1727 der
1194 1696 1302 1737 Chor‚
1340 1695 1431 1729 dies
1470 1697 1706 1739 parteilose

335 1751 478 1792 Organ
504 1751 575 1783 der
600 1752 811 1784 Vernunft
834 1752 916 1784 und
940 1752 1284 1791 Rechtliehkeit,
1320 1754 1522 1786 wahrend
1547 1765 1610 1786 um
1634 1755 1703 1786 ihn

332 1808 452 1840 Alles
479 1808 717 1849 schwankt‚
742 1809 804 1840 auf
832 1809 886 1840 die
912 1808 1110 1841 Grundidee
1141 1808 1281 1842 leiten.“
1328 1811 1429 1850 Quod
1454 1822 1475 1843 a
1500 1821 1566 1853 quo
1593 1811 1633 1843 V.
1659 1812 1704 1844 D.

334 1865 501 1904 didicerit,
528 1864 720 1906 apparebit,
746 1866 774 1896 si
801 1865 962 1897 Schilleri
988 1865 1028 1897 de
1054 1866 1159 1897 choro
1186 1868 1328 1909 antiquo
1354 1869 1559 1900 sententiam
1584 1868 1619 1899 in
1633 1879 1700 1900 me-

334 1922 475 1953 moriam
501 1922 790 1954 revocaverimus.
824 1922 869 1953 At
894 1921 1078 1954 Bluemner
1104 1924 1192 1956 scire
1227 1925 1385 1965 debebat,
1410 1926 1513 1956 etiarn
1535 1924 1702 1957 Schillero

336 1978 495 2011 accidere
521 1979 674 2020 potuisse
697 1982 736 2011 ut
761 1982 900 2011 erraret.
947 1978 1134 2012 Enimvero
1172 1982 1326 2014 continet
1361 1991 1397 2013 se
1437 1982 1539 2014 etiam
1577 1981 1704 2014 chorus

332 2035 422 2066 intra
448 2034 542 2075 fines,
569 2035 695 2077 quibus
720 2038 794 2067 tota
817 2036 1079 2077 circumscripta
1103 2041 1156 2069 est
1178 2039 1371 2081 tragoedia,
1397 2041 1429 2070 et
1452 2048 1701 2080 nonnunquam

338 2092 403 2123 sibi
428 2093 501 2133 ipse
526 2095 708 2134 repugnat.
757 2091 906 2124 Tantum
932 2096 1046 2125 autem
1072 2094 1190 2134 abest,
1227 2099 1264 2127 ut
1289 2105 1422 2137 semper
1447 2095 1632 2138 cogitando
1669 2099 1702 2128 et

335 2149 479 2181 dicendo
504 2148 677 2191 perfectae
699 2148 908 2191 respondeat
924 2150 1061 2182 veritati
1085 2153 1398 2194 temperantiaeque
1422 2163 1533 2194 neque
1551 2163 1700 2194 unquam

335 2205 376 2236 de
403 2209 494 2237 statu
520 2205 710 2246 dejiciatur,
736 2209 774 2238 ut
797 2196 980 2238 mentiatur
1003 2207 1174 2240 interdum
1199 2209 1319 2251 (Soph.
1334 2209 1423 2242 Phil.
1449 2220 1481 2242 v.
1508 2206 1608 2248 1085)
1634 2219 1702 2241 una

333 2272 407 2293 cum
422 2262 562 2304 reliquis
588 2266 623 2294 et
646 2263 688 2295 de
701 2273 764 2295 sua
778 2263 887 2304 ipsius
901 2263 1082 2304 prudentia
1094 2265 1286 2307 intelligere
1299 2266 1423 2298 debeat
1438 2266 1484 2306 id,
1504 2265 1596 2308 quod
1616 2266 1700 2308 legi-

331 2323 385 2350 tur
399 2319 487 2360 apud
506 2318 726 2361 Sophoclem:
749 2315 872 2361 ψεύδει
888 2316 958 2364 γὰρ
976 2316 1145 2361 ἠ’πίνοια
1165 2318 1227 2362 τὴν
1245 2319 1405 2365 γνώμην.
1433 2322 1545 2364 Atque
1559 2322 1594 2354 id
1608 2324 1700 2365 quod

333 2377 380 2407 ita
394 2386 430 2407 se
443 2376 558 2417 habet,
572 2378 605 2408 in
620 2388 660 2409 eo
673 2377 748 2418 ipso
761 2377 879 2408 nescio
892 2387 937 2408 an
951 2376 1144 2420 Aeschylus
1159 2383 1192 2411 et
1201 2379 1390 2422 Sophocles
1403 2379 1584 2412 videantur
1597 2381 1697 2411 mira-

334 2432 417 2464 biles
433 2442 508 2464 esse
523 2437 556 2465 et
569 2434 654 2465 scite
668 2434 764 2475 sequi
777 2443 835 2466 eas
849 2433 957 2476 leges,
970 2435 1006 2467 in
1020 2434 1144 2477 quibus
1158 2435 1201 2466 sit
1214 2435 1347 2477 tragica
1359 2438 1475 2479 poesis
1497 2437 1571 2469 sita.
1598 2437 1699 2476 Quod

332 2488 375 2519 ad
390 2488 691 2523 demonstrandum
714 2491 799 2522 nihil
817 2495 885 2523 tam
906 2491 1201 2524 accommodatum
1221 2492 1357 2526 videtur
1374 2490 1488 2536 quani,
1502 2504 1590 2535 quae
1605 2494 1699 2535 apud

331 2544 547 2578 Aristotelem
562 2547 596 2578 in
609 2551 680 2580 arte
694 2549 831 2590 poetica
842 2548 980 2591 legitur,
994 2546 1196 2592 tragoediae
1212 2549 1360 2583 definitio
1376 2549 1554 2593 (a.p.c.(j).
1571 2551 1696 2590 Quam-
