1765 2987
980 108 1029 148 36

332 219 520 272 στρατιῇ,
568 215 660 265 quod
692 214 834 264 quidem
867 223 977 252 senes
1009 214 1166 252 Atossae
1205 211 1350 262 reginae
1380 211 1520 261 dicunt,
1567 212 1686 262 prius·

330 298 433 335 qnam
467 285 624 324 devictos
654 282 792 321 Persas
823 280 1024 321 audierunt.
1085 278 1175 318 Pers
1212 276 1290 317 156
1321 289 1378 328 sq.
1437 278 1606 330 Virgines
1653 279 1685 319 in

329 353 427 403 Sept.
461 350 678 391 instantibus
710 348 876 388 hostibus
898 348 1092 397 quaerunt:
1125 342 1386 400 προδώσεις,
1419 343 1687 397 παλαίχθων

317 414 463 474 Ἤρης,
497 419 572 472 γᾶν
603 412 720 465 τεάνς
750 415 838 466 Sept
885 413 974 454 100.
1008 436 1062 441 —-
1100 413 1202 462 Quod
1235 413 1385 453 Orestes
1417 413 1588 453 ultionem
1621 425 1685 464 pa-

326 492 469 527 raturus
500 486 591 525 clam
607 484 754 524 domum
774 482 884 531 rediit,
915 482 949 520 in
981 491 1024 520 eo
1056 478 1181 532 ἔμολε
1213 475 1249 521 δ’
1284 472 1318 535 ᾧ
1347 479 1472 531 μέλει
1504 496 1685 533 κρυπτα-

326 553 422 594 Mon
451 549 588 604 μάχας
619 545 866 603 δολιόφρων
899 544 1026 588 ποινά
1061 549 1127 588 Cli.
1160 546 1252 589 934.
1311 548 1439 588 Furiae
1469 561 1490 587 a
1522 559 1564 587 se
1595 549 1686 599 ipsis

325 621 550 672 appellantur
582 614 813 672 ei‘myjzavoc‘
843 631 889 656 τε
920 613 992 656 καὶ
1019 615 1189 658 τέλειοι.
1224 615 1328 656 Eum.
1348 613 1440 654 373.
1475 615 1525 663 De
1548 614 1687 654 Venere

325 689 528 739 supptices:
573 684 709 725 τίεται
742 679 778 724 δ’
813 679 1066 737 αἰολόμητις
1097 683 1266 732 (callida)
1299 680 1406 730 θεὸς
1435 679 1580 736 ἔργοις
1610 679 1684 723 ἐπὶ

324 757 503 808 σεμνοῖς.
536 753 656 804 suppl.
692 750 808 792 1005.

322 911 390 946 11.
427 907 704 954 Quomodo
731 907 907 942 fat-nn
933 906 1080 949 qum!
1106 905 1308 942 dicit-n·
1333 913 1455 941 eum
1481 906 1685 951 pletate

821 972 931 998 non
958 966 1180 1006 pugnet.

660 1059 699 1096 A.
761 1056 820 1095 De
861 1056 1054 1095 hnmana
1090 1054 1351 1094 debilitate.

436 1157 607 1197 Homines
640 1168 700 1208 per
732 1168 773 1196 se
804 1157 833 1196 si
852 1156 1163 1196 consideravimus
1196 1165 1312 1204 neque
1327 1154 1399 1194 alio
1416 1155 1684 1204 quodammodo

324 1226 469 1266 modulo
500 1235 622 1265 eorum
655 1225 846 1265 facultates
878 1224 993 1262 mensi
1026 1223 1160 1262 erimus
1206 1222 1273 1260 nisi
1316 1222 1396 1272 ipsa
1428 1222 1586 1262 numana
1617 1234 1683 1262 na-

321 1296 419 1341 tura,
466 1292 664 1343 permultos
707 1291 836 1331 v‘irtute
880 1290 1099 1330 excellentes
1144 1289 1398 1340 praeditosque
1443 1292 1476 1329 et
1521 1291 1684 1341 corporis

323 1361 449 1400 robore
478 1364 512 1399 et
543 1359 674 1409 ingenii
705 1357 924 1398 abundantia
955 1368 1041 1397 esse
1071 1358 1310 1397 inveniemus.
1357 1358 1493 1397 Contra
1525 1358 1556 1397 si
1579 1368 1684 1397 mens

324 1430 481 1468 numana
511 1427 555 1466 ad
590 1428 699 1466 latum
731 1429 766 1465 et
794 1425 885 1465 deos
917 1425 1085 1476 exigitur,
1132 1424 1212 1474 eJus
1243 1425 1432 1463 infirmitas
1464 1425 1517 1464 vel
1551 1426 1584 1464 in
1617 1426 1684 1464 lio-

324 1496 480 1535 minibus
511 1493 819 1545 ingeniosissimis
851 1493 932 1532 luce
963 1493 1096 1532 clarius
1127 1495 1296 1542 apparet,
1344 1491 1475 1531 nedum
1521 1493 1566 1532 de
1603 1504 1683 1533 cor—

324 1564 421 1614 poris
463 1562 652 1613 fragilitate
694 1560 820 1600 dicam.
888 1559 960 1598 Sed
1007 1570 1078 1598 una
1126 1560 1353 1609 potissimum
1400 1559 1584 1599 afferenda
1628 1565 1685 1600 est

324 1641 456 1675 causa,
520 1633 662 1680 propter
705 1639 811 1677 quam
857 1626 1065 1678 Aeschylus
1111 1626 1276 1665 nomines
1322 1626 1522 1666 imbecillos
1574 1631 1682 1677 atque

324 1693 590 1750 ἐφαμεριόυς
620 1696 759 1742 (Proin.
786 1692 886 1733 545]
918 1704 1004 1732 esse
1035 1703 1146 1743 saepe
1176 1693 1270 1732 solet
1300 1693 1497 1734 affirmare:
1528 1695 1683 1736 dicimus

324 1765 583 1811 ignorationem
617 1773 733 1802 rerum
765 1761 965 1801 futurarum
998 1763 1032 1799 et
1062 1760 1271 1810 opinionum
1303 1764 1507 1802 comme-uta
1537 1763 1582 1802 ad
1615 1774 1684 1802 eas

325 1831 555 1882 pertinentias
586 1840 678 1879 quae
709 1831 788 1879 ipso
820 1828 927 1868 verbo
959 1824 1207 1881 ἐφαμερίων
1238 1827 1549 1878 significantur1).
1604 1830 1684 1878 Qua

324 1908 367 1936 ex
399 1897 585 1936 inscientia
616 1906 760 1935 summa
790 1896 897 1934 animi
929 1895 1147 1944 perturbatio
1178 1895 1289 1933 oritur
1334 1898 1367 1933 et
1397 1906 1440 1935 ea
1471 1897 1681 1946 opinionum

325 1965 561 2013 perversitas,
605 1975 675 2013 qua
706 1963 870 2002 homines
911 1973 993 2001 vera
1039 1961 1133 2001 bona
1178 1972 1201 2000 a
1246 1961 1352 2000 salsis
1398 1973 1569 2012 separare
1615 1975 1682 2003 ne—

324 2036 464 2080 queunt.
526 2031 717 2081 Propterea
748 2041 856 2079 quum
888 2029 1053 2068 nomines
1084 2040 1104 2068 a
1136 2032 1265 2068 natura
1296 2029 1342 2067 ita
1367 2031 1440 2070 sint
1456 2031 1682 2079 conformati,

325 2101 362 2137 nt
391 2097 656 2146 quodammodo
687 2097 789 2136 delixi
823 2097 856 2135 in
890 2096 1032 2146 punctis
1063 2096 1237 2146 temporis
1268 2095 1302 2136 in
1321 2096 1413 2136 diem
1446 2099 1576 2148 vivant,
1609 2110 1679 2139 non

325 2169 442 2214 potest
472 2165 564 2213 fieri,
601 2165 685 2213 quin
719 2164 874 2204 varietati
905 2165 1071 2203 fortunae
1102 2162 1276 2213 snibJeeti,
1321 2168 1424 2214 prout
1455 2167 1562 2214 quasi
1593 2176 1682 2206 aura

326 2231 475 2280 flaverit,
521 2231 573 2270 vel
618 2231 777 2271 dolorem
824 2231 976 2270 tolerent
1020 2230 1074 2269 vel
1121 2230 1304 2280 voluptate
1350 2231 1523 2271 fruantur.
1585 2231 1679 2272 Num

416 2398 448 2438 l)
475 2399 524 2430 Cf.
550 2394 740 2443 ἐπάμεροι·
767 2401 802 2430 τί
824 2397 866 2430 δέ
887 2410 956 2439 τις;
981 2400 1016 2430 τί
1039 2395 1071 2430 ‹5‘
1100 2392 1140 2430 οὔ
1166 2409 1233 2438 τις,·
1258 2398 1361 2434 σκιᾶς
1385 2392 1474 2443 ὄναρ
1489 2394 1686 2444 ἄνθρωπος

326 2454 423 2493 Pind,
447 2454 548 2495 Pyth.
572 2454 672 2495 VIII,
698 2454 741 2488 95
767 2459 815 2487 et:
855 2451 927 2498 ὁρῶ
963 2451 1035 2498 γὰρ
1061 2451 1156 2496 ἡμᾶς
1193 2452 1300 2487 οὐδὲν
1337 2448 1442 2491 ὄντας
1473 2449 1559 2488 ἄλλο
1591 2453 1685 2496 πλὴν

331 2508 456 2550 εἴδωλ’,
484 2506 631 2556 ὅσοιπερ
656 2511 785 2553 ζώων,
813 2506 833 2552 ἢ
858 2522 946 2555 κουᾳ
959 2508 999 2552 ὴν
1024 2507 1139 2544 σκιάν.
1189 2511 1294 2553 soph.
1317 2511 1371 2553 Aj.
1398 2509 1474 2544 125.
