1753 3069
54 847 133 930 Si,
166 880 280 935 quod
304 881 398 934 jure
431 880 512 922 dici
545 881 690 931 debet,
724 881 1025 924 recentioribus
1057 881 1225 924 demum
1258 890 1421 938 tempo·

53 958 169 1000 ribus
217 957 383 1001 Graeca
428 959 645 1015 tragoedia
697 961 852 1003 rectius
905 961 1082 1017 intelligi
1136 970 1285 1017 coepta
1345 971 1423 1013 est,

54 1044 217 1093 praeter
248 1045 413 1080 auctam
445 1040 614 1095 linguae
638 1037 829 1082 Graecae
859 1049 899 1083 et
930 1055 1029 1083 vero
1061 1041 1245 1096 tragicae
1277 1042 1423 1097 cogni-

55 1117 206 1158 tionem
249 1116 413 1169 Wolfii‚
462 1118 716 1168 Hermanni‚
765 1119 972 1162 Lobeckii
1015 1121 1184 1177 ingenio
1222 1120 1421 1170 debitam,

53 1202 136 1236 tres
167 1195 436 1250 potissimum
469 1213 641 1240 caussas
672 1198 843 1250 afferas,
890 1200 1005 1256 ipsas
1038 1199 1207 1254 quidem
1242 1199 1349 1242 inter
1380 1215 1424 1241 se

53 1276 316 1329 conjunctas3
363 1277 546 1332 primum
586 1277 765 1319 dicimus
797 1279 1020 1320 adductam
1054 1279 1225 1335 propius
1265 1280 1315 1320 ad
1349 1295 1421 1335 ge-

52 1354 222 1396 nuinam
252 1355 430 1397 formam
464 1356 767 1413 mythologiam
784 1365 1094 1414 purgatamque
1124 1358 1236 1399 illam
1269 1374 1293 1399 a
1325 1361 1422 1400 fuco

51 1433 328 1476 absurdarum
361 1435 766 1490 interpretationum,
803 1437 954 1479 deinde
986 1452 1244 1480 summorum
1279 1441 1422 1493 poe‘ta-

52 1528 143 1554 rum
175 1521 410 1556 nostrorum
444 1515 584 1556 studia
614 1517 665 1556 ad
687 1514 854 1558 Graeca
884 1516 1077 1571 exempla
1093 1517 1423 1567 accommodata,

51 1593 232 1646 denique
263 1593 478 1635 liberiores
510 1595 561 1636 de
593 1596 718 1637 rebus
756 1595 809 1637 ad
840 1595 1087 1651 religionem
1118 1596 1423 1651 pertinentibus

53 1672 291 1716 sententias.
355 1671 626 1729 Quamquam
657 1675 737 1717 hoc
780 1675 813 1716 si
847 1674 1016 1728 damus,
1062 1681 1201 1718 tamen
1243 1691 1292 1716 ne
1329 1675 1422 1731 quis

51 1758 158 1792 erret
197 1766 301 1793 neve
339 1754 424 1794 tam
458 1753 576 1794 bonis
618 1754 900 1795 fundamentis
938 1753 1033 1809 plus
1066 1754 1296 1810 profectum
1330 1769 1423 1796 esse

51 1836 167 1884 putet
201 1844 328 1884 quam
359 1846 403 1872 re
434 1847 532 1873 vera
563 1840 640 1883 est,
673 1833 866 1888 quamvis
897 1833 1039 1875 invitis
1072 1834 1327 1875 monendum
1358 1842 1421 1875 at-

52 1923 133 1963 que
150 1909 388 1965 augendum
409 1917 484 1954 est.
526 1911 618 1952 Imo
635 1926 734 1954 vero
766 1912 837 1966 qui
869 1912 905 1954 ei
925 1912 1159 1968 quaestioni
1178 1928 1222 1954 se
1246 1913 1420 1964 dederit,

50 2002 157 2043 quae
188 1987 307 2030 nobis
339 1990 554 2045 proposita
586 1996 649 2032 est
681 1990 732 2034 de
766 1994 852 2033 fato
883 1992 1147 2049 Aeschyleo,
1182 1993 1250 2034 vix
1282 2000 1419 2048 potest

51 2065 139 2108 fieri
169 2067 269 2121 quin
300 2067 562 2124 indignetur,
603 2077 860 2125 quantopere
901 2086 925 2112 a
955 2072 1098 2113 multis
1129 2072 1314 2127 quotidie
1347 2073 1421 2113 ad-

50 2145 132 2187 huc
177 2154 216 2188 et
247 2145 352 2189 haec
383 2149 574 2203 quaestio
619 2156 659 2190 et
696 2164 803 2205 quae
843 2164 936 2191 cum
969 2150 1040 2191 illa
1070 2150 1291 2192 cohaerent
1323 2166 1419 2207 gra-

50 2225 248 2268 vissimae
280 2242 410 2282 pravo
441 2227 751 2271 christianismo
781 2229 821 2270 in
840 2229 962 2271 devia
981 2229 1252 2282 declinentur,
1285 2231 1419 2285 ipsam

51 2313 92 2344 et
123 2319 263 2346 veram
298 2304 558 2349 Graecorum
597 2308 840 2363 religionem
881 2323 958 2350 sua
997 2309 1176 2364 caligine
1208 2310 1419 2350 offuscan-

51 2383 175 2426 tibus,
238 2385 322 2425 Alii
354 2401 434 2428 non
467 2387 604 2428 minus
643 2402 771 2442 prave
807 2402 950 2439 suam,
998 2403 1080 2442 qua
1118 2388 1267 2429 imbuti
1311 2397 1420 2438 sunt,

51 2461 359 2518 philosophiam
394 2465 608 2520 Aeschylo
647 2467 898 2516 obtrudunt,
947 2474 991 2507 ut
1029 2465 1240 2521 Haymius
1272 2467 1419 2523 Hege-

53 2541 218 2585 lianam.
285 2542 468 2584 Difficile
499 2551 561 2585 est
595 2545 763 2599 quidem
797 2545 985 2586 notiones
1018 2555 1208 2593 assuetas
1240 2555 1366 2601 atque
1397 2562 1419 2588 a
