1748 3043
741 97 764 133 5

70 201 277 254 tragoediae
307 199 537 248 definienda,
585 211 655 240 non
703 201 736 239 in
779 200 860 250 ejus
900 200 929 240 vi
975 211 1018 239 ac
1049 204 1176 240 natura
1215 199 1440 250 explicanda.

74 271 153 312 Huc
182 270 338 318 aceedit,
370 270 465 319 quod
499 269 749 317 inveniuntur,
796 270 853 319 qui
886 269 1111 309 Aristotelica
1142 268 1203 308 iiia
1234 268 1441 307 delinitione

70 339 163 380 satis
195 348 379 389 superque
410 338 558 377 tractata
591 337 650 376 i'ati
689 348 831 387 quoque
862 337 1044 377 notionem
1078 338 1167 377 tecte
1198 337 1439 387 significatam

70 419 158 448 esse
190 407 342 458 probare
372 404 551 446 studeant.
614 404 710 444 liaeo
742 405 929 445 hactenus.

618 698 774 754 cap.
804 700 900 744 ΙΙ.

124 805 284 866 Quam
319 803 414 851 late
450 810 616 868 pateat
650 803 735 851 fati
770 803 904 851 notio
947 803 997 851 in
1032 802 1178 851 rebus
1217 802 1389 851 divinis

307 882 627 947 humanisque
666 899 723 929 ex
761 899 819 930 ea
853 882 1200 947 ponderandis.

700 1077 735 1124 g,
772 1074 804 1115 1.

358 1176 423 1226 De
460 1192 618 1226 rerum
655 1175 918 1226 divinarum
954 1175 1153 1227 ratione.

69 1293 112 1327 1.
160 1292 237 1327 lle
264 1290 370 1327 dns
394 1288 662 1325 fatalibus
692 1289 830 1334 ipsis
861 1299 1166 1335 eon-unuque
1197 1300 1443 1327 nnunere.

185 1406 339 1446 Ultimae
371 1415 506 1446 causae
537 1406 568 1444 si
602 1405 883 1456 perpenduntur,
917 1409 1061 1456 propter
1084 1417 1176 1456 quas
1203 1407 1323 1446 omnia
1342 1407 1444 1455 fiunt,

70 1475 214 1524 quidam
248 1474 478 1515 inueniuntur
509 1474 575 1521 dii,
623 1485 777 1524 quorum
812 1474 865 1512 vis
901 1485 944 1513 ac
975 1476 1105 1514 natura
1150 1475 1183 1515 in
1215 1485 1259 1514 eo
1291 1475 1444 1514 maxime

70 1544 247 1592 cernitur,
293 1543 388 1591 quod
427 1553 551 1583 eorum
594 1544 743 1582 numina
783 1543 958 1593 praesunt
997 1543 1193 1583 universae
1224 1554 1341 1583 rerum
1376 1554 1442 1583 na-

69 1614 180 1652 turae.
242 1612 360 1659 Quare
393 1611 561 1661 quidquid
595 1612 628 1650 in
662 1612 733 1650 vita
763 1612 924 1651 numana
955 1611 1178 1659 ostenditur,
1216 1611 1249 1651 id
1283 1611 1326 1651 asi
1359 1611 1444 1651 ilios

70 1681 161 1720 deos
194 1679 434 1720 revocandum
467 1682 534 1719 est.
596 1680 674 1719 Huo
705 1679 881 1718 referendi
914 1681 1018 1719 sont:
1055 1681 1220 1734 Μοῖρα,
1252 1680 1444 1733 Momm,

70 1745 239 1800 δαίμων
269 1749 327 1797 qui
360 1748 505 1796 (licitur,
538 1743 787 1799 δαιμόνιον,
815 1742 1019 1801 Ἀνάγκη,
1051 1743 1324 1802 Εἱμαρμένη,
1360 1748 1444 1788 Πε-

70 1813 300 1870 πρωμένη,
336 1810 619 1869 Ἀδράστεια,
654 1811 787 1869 Δίκη,
827 1814 984 1867 Θέμις,
1025 1813 1217 1867 Νέμεσις
1240 1815 1292 1866 ¹),
1319 1809 1443 1870 ”Amy¹

76 1879 205 1936 Τύχη,
239 1894 303 1934 pro
334 1883 466 1933 quibus
497 1883 674 1923 interdum
707 1883 865 1934 Olympii
898 1883 943 1923 dii
976 1884 1222 1933 nominantur,
1255 1887 1291 1924 ut
1322 1879 1445 1932 Ζεύς,

29 1939 317 1997 “mmmmm
364 1951 494 1991 deinde
523 1952 569 1990 dii
603 1951 725 1991 inseri:
770 1947 1022 2003 Εὖμενίὸες,
1060 1948 1167 2001 Νύξ.
1229 1952 1371 2000 Quibus
1401 1952 1446 1992 de

70 2020 139 2059 diis
171 2019 296 2059 nescio
326 2030 372 2059 an
406 2020 608 2059 rectissime
631 2019 836 2070 judicetur,
876 2020 907 2059 si
944 2020 1026 2069 quis
1057 2020 1169 2067 dicat,
1209 2031 1275 2060 eos
1309 2031 1445 2072 regere,

71 2091 212 2128 ceteros
245 2088 375 2129 facere.
436 2086 677 2135 Quamobrem
718 2098 789 2128 non
831 2088 904 2128 tam
944 2089 1062 2128 certos
1102 2087 1192 2127 deos
1224 2099 1290 2128 eos
1321 2089 1444 2128 existi-

165 2245 199 2284 l)
237 2245 493 2280 Observatione
519 2247 659 2290 dignum
693 2250 760 2288 est,
801 2247 892 2279 hanc
918 2247 1033 2287 deam,
1071 2257 1159 2289 quae
1191 2257 1292 2279 suum
1323 2248 1446 2290 cuique

72 2304 202 2344 tribuit,
226 2305 261 2335 in
287 2303 452 2346 Aeschyli
477 2308 618 2346 septem,
647 2315 735 2346 quae
760 2307 962 2347 supersunt,
1000 2304 1190 2345 tragoediis
1214 2304 1281 2336 hoe
1305 2305 1446 2337 nomine

70 2371 143 2392 non
164 2361 310 2392 inveniri
335 2359 494 2401 (νέμεσις
520 2362 766 2404 appellativum
787 2362 880 2403 Sept.
899 2359 1003 2402 218),
1029 2360 1088 2393 sed
1114 2358 1307 2394 Promffli)
1334 2358 1443 2404 Ἀδρα

72 2419 190 2454 στείας
212 2418 350 2450 nomine
376 2428 509 2451 summa
534 2429 612 2450 eum
635 2419 763 2460 pietate
782 2419 973 2451 nominata:
1000 2417 1034 2450 οἱ
1059 2416 1343 2460 προςκυνοῦντες
1369 2413 1445 2458 τὴν·

72 2471 304 2517 Αδράστειαν
339 2477 461 2518 σοφοί.
534 2475 717 2508 Praeterea
749 2475 785 2507 in
820 2475 1021 2518 fragmentis
1058 2474 1187 2515 Phryg.
1224 2471 1288 2506 ‘281
1328 2473 1447 2507 Herm.

71 2532 229 2567 Νέμεσις
254 2531 318 2563 dea
343 2534 404 2563 est.
