1765 2987
974 100 1023 138 48

324 223 369 260 ci‘.
402 218 481 259 ibid.
513 215 594 256 254
626 225 683 263 sq.
743 209 841 249 Haec
877 206 996 245 aulem
1035 203 1159 244 mundi
1190 201 1436 252 cohaerentia,
1484 213 1556 252 qua
1593 202 1678 242 nihil

324 285 521 325 solitarium
560 292 646 322 esse
690 291 731 320 ac
770 271 1036 326 quodammodo
1074 271 1235 321 perstare
1280 269 1313 308 in
1362 280 1404 309 se
1435 270 1515 320 ipso
1548 272 1679 321 potest,

322 353 366 392 ad
413 349 666 401 rempublicam
711 341 1007 386 conformandam
1053 340 1098 379 ab
1136 337 1320 389 Aeschylo
1365 338 1561 377 traducitur
1642 337 1679 376 ln

325 430 395 469 quo
425 417 518 468 quod
550 413 758 464 Aeschylus
788 408 951 455 docebar,
984 406 1015 446 id
1047 416 1090 445 eo
1122 405 1240 456 magis
1273 404 1656 455 spectatoresarridere

325 486 496 537 oportuit,
540 483 634 533 quod
681 484 714 520 et
745 481 822 529 ipse
853 480 958 527 poeta
989 474 1061 524 igni
1094 473 1269 523 probatus
1301 474 1375 511 erat
1421 482 1538 521 neque
1570 472 1678 511 Athe-

324 555 472 593 nienses
503 563 523 591 e
554 550 647 590 bello
681 547 826 587 Persico
856 542 1112 583 documentum
1145 540 1212 579 sibi
1237 549 1365 589 capere
1390 550 1461 579 non
1479 540 1678 589 potuerant.

325 619 563 668 Quamobrem
595 627 705 665 sane,
737 614 768 653 si
801 621 1033 662 quemquam,
1066 607 1287 659 Aeschylum
1319 607 1437 647 decuit
1467 607 1564 646 cives
1596 606 1682 646 hor-

325 688 407 736 tari,
439 692 476 726 ut
507 684 760 734 uuusquisque
800 688 942 729 semper
973 678 1083 716 totam
1115 674 1372 726 rempublicam
1404 675 1583 725 spectaret
1614 683 1683 713 neu

324 754 498 794 dubitaret
535 763 598 803 pro
629 751 742 802 patria
773 749 877 787 vitam
910 743 1140 795 profundere.
1201 742 1235 782 ld
1268 741 1362 791 quod
1405 742 1448 780 iis
1482 741 1600 781 verbis
1631 742 1686 781 in·

324 822 494 869 culcatur‚
525 830 617 869 quae
648 820 837 867 Areopago
868 813 1032 853 instituto
1063 822 1206 851 summa
1239 821 1320 850 cum
1353 809 1528 860 gravitate
1558 808 1686 848 dicun·

324 892 400 929 tur:
451 883 655 940 χάρματα
700 879 736 926 δ’
784 878 1040 922 ἀντιδιδοῖεν
1088 876 1325 931 κοινοφιλεῖ
1371 875 1559 930 διανοίᾳ,
1614 872 1687 916 καὶ

320 956 484 1008 στυγεῖν
514 954 590 1009 μίᾳ
622 948 769 1007 φρενί,
821 947 995 990 πολλῶν
1033 943 1112 999 γὰρ
1152 940 1239 986 τόδ’
1282 940 1326 986 ἓν
1362 946 1536 998 βροτοῖς
1567 937 1686 991 ἄκος.

325 1022 428 1064 Eum.
461 1019 541 1061 966
573 1031 626 1069 sq.
689 1019 742 1059 Ex
772 1028 843 1068 quo
873 1016 1043 1063 efficitur,
1075 1024 1157 1063 eOS,
1197 1013 1255 1062 qui
1287 1012 1443 1061 requiem
1477 1013 1684 1062 perpetuam

328 1090 383 1130 rel
414 1093 595 1131 aeternam
628 1098 751 1137 pacem
783 1084 984 1130 somnient,
1032 1081 1198 1131 quamvis
1229 1079 1359 1120 invitos
1392 1079 1465 1129 rapi
1499 1080 1532 1118 in
1565 1082 1687 1118 motus

326 1157 457 1208 populi.
516 1155 709 1196 Enimvero
741 1155 778 1192 ut
808 1151 979 1192 universo
1011 1158 1128 1187 rerum
1145 1147 1270 1186 ordine
1293 1146 1461 1196 quidquid
1486 1146 1688 1186 continetur

327 1224 357 1263 id
403 1233 547 1274 semper
585 1222 747 1261 movetur
792 1228 907 1267 neque
947 1216 1022 1256 ullo
1062 1214 1170 1254 modo
1208 1224 1294 1253 sese
1325 1214 1538 1254 subtrahere
1568 1216 1689 1264 potest

327 1291 395 1342 legi
428 1290 537 1339 fatali,
570 1289 617 1328 ita
647 1289 681 1327 in
715 1285 896 1337 republica
927 1293 1056 1322 omnes
1087 1283 1175 1321 sunt
1205 1292 1285 1321 cum
1310 1281 1480 1321 omnibus
1504 1280 1687 1331 conjuncti

326 1368 477 1407 eamque
520 1357 565 1396 ob
611 1366 762 1395 causam
801 1354 910 1393 otium
950 1351 1161 1401 plerumque
1199 1349 1371 1389 illicitum.
1432 1349 1543 1389 Recte
1582 1349 1689 1400 igitur

326 1424 556 1475 Droysenius
586 1423 691 1463 dicit:
722 1421 815 1471 „den
850 1421 1024 1459 frouunen
1044 1417 1222 1467 Wunsch‚
1255 1417 1334 1457 eine
1366 1417 1581 1468 begonnene
1599 1416 1688 1458 Ent-

329 1490 533 1542 wickelung
576 1491 611 1530 in
657 1488 780 1540 irgend
825 1487 941 1527 einen]
972 1484 1113 1525 Punkte
1156 1485 1339 1536 gehemmt
1386 1485 1457 1525 und
1503 1495 1550 1525 zu
1591 1483 1690 1535 einer

328 1557 578 1610 glUckseligen
608 1553 922 1597 Zustandlichkeit
958 1553 1203 1605 ausgebreitet
1241 1565 1290 1593 zu
1321 1552 1454 1600 seheri,
1501 1550 1690 1602 widerlegt

319 1626 428 1675 jedes
459 1624 592 1664 Drama
634 1623 700 1663 des
739 1632 896 1674 grossen
929 1620 1093 1660 Dichters
1130 1620 1247 1660 selbst
1293 1620 1365 1660 und
1412 1619 1508 1659 nicht
1553 1619 1691 1659 minder

328 1694 395 1732 das
440 1702 572 1743 grosse
616 1690 749 1730 Drama
793 1690 914 1728 seiner
959 1687 1270 1727 vaterlandischen
1311 1688 1536 1728 (ieschichte.
1611 1689 1688 1727 Aus

328 1759 407 1799 dem
439 1759 653 1810 Gegebenen
683 1757 755 1796 alle
785 1756 1062 1807 Folgerungen‚
1106 1755 1178 1795 alle
1208 1754 1482 1806 ll'lt'iglichkeiten
1529 1767 1577 1795 zu
1609 1759 1689 1796 ent-

330 1824 495 1873 wickeln‚
527 1826 573 1864 ist
601 1825 657 1864 die
680 1822 1023 1874 rerhangnissvolle
1042 1822 1361 1874 Nothwcudigkeit
1391 1823 1456 1862 des
1481 1822 1687 1874 geschicht-

332 1893 444 1932 licheu
477 1892 656 1931 LebenS.“
686 1891 779 1938 (Des
803 1890 977 1939 Aeschyl.
1012 1889 1143 1929 Werke
1175 1890 1296 1930 [Ibers.
1330 1889 1471 1932 Einleit.
1505 1901 1586 1941 pag.
1605 1888 1690 1940 17.)

388 2045 465 2080 lv.
511 2046 588 2081 De
614 2044 820 2081 doloris
845 2047 899 2080 et
923 2043 1222 2088 sapientiae
1248 2043 1633 2081 vicissitudine.

442 2159 649 2211 Aeschylus
680 2159 880 2208 verborum,
910 2169 1002 2208 quae
1032 2161 1120 2199 sunt
1149 2155 1300 2208 πάθος
1329 2162 1363 2198 et
1377 2153 1542 2210 μάθος,
1572 2168 1690 2198 anno-

333 2225 525 2265 minatione
554 2226 711 2266 adhibita
754 2227 786 2266 id
818 2237 926 2277 agere
964 2227 1118 2276 videtur,
1167 2229 1204 2267 ut
1235 2226 1378 2267 facilius
1409 2225 1591 2275 quandam
1623 2226 1690 2265 do-

334 2292 419 2332 loris
451 2294 484 2332 et
500 2294 696 2343 sapientiae
713 2293 992 2333 vicissitudinem
1015 2294 1240 2334 commendet
1256 2293 1491 2333 auditoribus.
1529 2287 1692 2340 (πάθει

332 2356 480 2410 μάθος
510 2361 576 2411 Ag.
610 2358 687 2400 164
718 2364 753 2400 et
783 2362 1005 2402 παθοῦσιν
1036 2362 1201 2411 μαθεῖν
1232 2360 1314 2401 ibid.
1346 2358 1462 2406 235.)
1499 2358 1571 2400 Sed
1588 2359 1692 2399 dolor

334 2429 394 2467 aut
438 2438 500 2478 pro
539 2438 654 2478 poena
693 2428 881 2469 habendus
919 2430 976 2468 est
1019 2429 1081 2467 aut
1111 2428 1286 2467 immerito
1317 2427 1422 2468 alicui
1453 2427 1591 2468 accidit.
1651 2425 1691 2466 Si

335 2504 450 2543 poena
494 2496 550 2534 est
593 2495 712 2545 dolor,
758 2495 804 2535 dii
843 2506 926 2536 eum
965 2497 1002 2536 ut
1033 2494 1333 2535 medicamentum
1370 2494 1540 2536 adhibent
1572 2488 1690 2548 ἄτης,
