1765 2987
1010 122 1056 159 28

359 245 480 275 cemus
511 231 910 282 compensationemque
955 225 1027 264 lieri
1074 226 1109 264 et
1153 223 1396 274 expiationem
1443 231 1597 261 necesse
1643 221 1713 261 est.

358 301 475 348 (Pers.
510 297 617 347 743.)
702 296 802 336 Hanc
847 295 964 334 autem
1015 293 1253 343 expiationem
1303 290 1712 340 compensationemque

358 377 550 407 caveamus
580 376 686 414 quam
719 363 872 403 maxime
903 371 947 400 ne
979 364 1104 400 nostro
1136 359 1384 407 civitatumque
1408 356 1494 406 jure
1511 356 1713 404 metiantur,

356 435 419 473 sed
456 434 570 472 divina
609 433 689 483 lege
726 430 829 470 nobis
861 428 1079 478 saepissime
1109 425 1263 466 occulta.
1323 424 1421 465 Haec
1465 428 1586 464 autem
1633 433 1714 473 per*

356 500 479 539 suasio
509 502 585 547 est,
630 509 699 548 qua
731 497 848 538 omnis
881 497 1011 535 mentis
1041 493 1220 535 acerbitas
1252 493 1434 544 mitigatur
1463 482 1605 541 quaque
1637 490 1714 529 κά-

356 569 513 619 θαρσις
543 566 603 606 illa
633 566 795 605 eflicitur.
830 585 880 592 —-

465 657 541 696 ,lam
572 654 654 704 quid
686 654 751 702 sit,
796 651 888 702 quod
922 652 1073 703 primum
1105 651 1280 698 effecerit,
1327 652 1364 689 ut
1394 649 1527 698 aliquis
1558 650 1614 687 via
1645 658 1716 686 sua

353 724 509 771 aberret,
554 722 585 761 id
619 721 825 772 Aeschylus
862 730 934 760 non
964 720 1067 759 aliter
1106 718 1173 758 sibi
1205 716 1457 768 explicandum
1489 720 1614 755 censet
1646 715 1715 754 uisi

354 792 401 830 ita
438 792 474 830 ut
510 790 621 836 dicat,
669 788 853 836 nomines,
900 787 1166 826 commissuros
1197 785 1360 825 videlieet
1390 783 1535 833 aliquod
1568 784 1716 832 crimen,

353 857 531 898 occaecari
563 850 657 910 ἷίτῃ.

466 956 560 995 Tum
591 958 711 996 autem
743 956 850 1006 culpa
891 966 958 1007 pers
989 966 1031 995 se
1069 955 1174 1003 quasi
1206 956 1448 1004 propagatur,
1494 955 1572 992 sive
1618 952 1714 1001 quod

354 1024 424 1064 alia
454 1024 589 1063 ratione
619 1034 736 1073 poena
766 1023 841 1063 dari
874 1033 944 1063 non
978 1024 1111 1073 potest,
1142 1022 1219 1061 sive
1251 1022 1346 1070 quod
1379 1021 1613 1061 inclinatione
1635 1020 1714 1068 j'dlll

356 1091 507 1130 naturali
552 1092 658 1140 atque
689 1091 900 1131 hereditaria
940 1090 1074 1141 posteri
1120 1090 1164 1129 ad
1198 1093 1346 1139 peccata
1378 1090 1549 1128 teruntur.
1612 1087 1736 1134 Quod-

354 1158 495 1206 quidem
528 1158 635 1209 longe
665 1159 781 1208 abest,
813 1161 851 1199 ut
878 1158 985 1198 modo
1015 1158 1050 1196 in
1082 1158 1189 1208 gente
1222 1156 1503 1196 Labdacidaruni
1540 1158 1574 1195 et
1604 1155 1716 1195 Pelo-

355 1224 515 1274 pidarum
547 1227 711 1265 cernatur
735 1225 779 1273 ¹).
838 1225 912 1265 lino
944 1235 1027 1264 vero
1057 1225 1089 1264 id
1121 1224 1165 1264 ad
1198 1224 1397 1264 humanum
1415 1234 1535 1275 genus
1553 1223 1716 1274 pertinet,

354 1292 447 1340 quod
480 1292 643 1332 nimirum
682 1293 712 1331 ei
745 1292 972 1340 necessitati,
1002 1292 1059 1332 eui
1091 1293 1211 1331 onmis
1243 1303 1360 1332 rerum
1393 1294 1523 1332 natura
1553 1290 1718 1341 subiecta

355 1358 413 1407 sit,
444 1358 562 1398 solum
594 1359 698 1398 eximi
730 1360 864 1409 nequit.
925 1359 1027 1407 Quod
1059 1360 1103 1399 ad
1129 1359 1452 1400 demonstrandam
1484 1359 1603 1410 legem
1623 1358 1716 1398 Lab-

354 1425 501 1465 dacidae
546 1427 580 1465 et
609 1426 802 1477 Pelopidae
831 1427 911 1467 ideo
943 1428 1097 1467 maxime
1127 1429 1216 1468 sunt
1246 1427 1385 1477 idonei,
1430 1426 1527 1476 quod
1558 1427 1718 1476 eminent

355 1493 445 1533 inter
474 1496 614 1533 ceteros
644 1494 810 1534 homines
840 1498 875 1534 et
905 1494 1033 1535 robore
1071 1496 1105 1534 et
1136 1495 1282 1546 ingenio
1313 1498 1348 1535 et
1378 1495 1575 1535 nobilitate.
1607 1516 1660 1521 —

467 1593 616 1643 Restat,
649 1595 687 1635 ut
717 1606 809 1644 quae
840 1596 948 1635 modo
977 1595 1222 1635 demonstravi
1254 1596 1344 1636 locis
1375 1595 1541 1646 probem,
1583 1595 1717 1645 quibus

356 1661 390 1699 in
423 1661 683 1711 componendis
720 1660 799 1711 jam
844 1672 937 1711 quae
980 1662 1110 1703 addam
1159 1674 1229 1703 uon
1277 1663 1405 1703 babeo.
1467 1665 1716 1715 Agamemnon
1758 1707 1765 1714 ³

355 1727 471 1768 laudis
506 1728 653 1768 bellicae
683 1728 875 1778 cupiditate
915 1729 1082 1769 incitatus
1129 1741 1239 1779 quoin
1287 1720 1357 1770 non
1389 1730 1594 1770 dubitasset
1623 1731 1717 1781 lplii·

355 1795 495 1846 geniani
526 1796 729 1845 immolare,
775 1797 980 1846 provocavit
1019 1797 1192 1838 ultionem
1232 1797 1569 1850 Clytaemnestrae:
1612 1800 1716 1852 βρο-

353 1862 450 1910 τοὺς
479 1860 688 1915 θρασύνει
719 1861 799 1918 γὰρ
831 1859 1085 1920 αἱχρόμητις
1114 1860 1295 1905 τάλαινα
1314 1864 1557 1919 παρακοπὰ
1583 1880 1644 1920 πρ
1656 1881 1716 1905 ω-

356 1925 613 1981 ἰοπήμων
651 1931 716 1980 Ag.
748 1928 828 1970 209
867 1938 921 1980 sq.
960 1932 1026 1972 cf.:
1068 1926 1330 1983 §gavofioa‘d'
1374 1929 1502 1983 ὕμνον
1541 1928 1716 1984 δώμασι

357 1992 617 2050 προςὴμεναι
648 1993 905 2052 πρώταρχον
936 1993 1054 2054 ἄτην.
1086 1999 1168 2039 ibid.
1204 1997 1322 2039 1150.
1363 1997 1435 2039 Sed
1469 2010 1515 2040 ne
1531 2000 1716 2052 Clytaem-

358 2065 478 2103 nestra
509 2064 649 2113 qnidem
680 2065 824 2116 impune
855 2067 992 2107 necavit
1021 2067 1207 2107 maritum:
1254 2062 1375 2121 δίκην
1416 2061 1453 2108 δ’
1493 2062 1561 2109 ἐπ’
1606 2062 1716 2108 ἄλλο

447 2241 479 2281 l)
503 2243 676 2276 Dissentio
701 2245 804 2287 igitur
828 2256 849 2278 a
875 2245 915 2280 G.
939 2247 1118 2288 Dronkio,
1156 2248 1214 2290 qui
1238 2247 1305 2279 hae
1341 2247 1377 2278 in
1400 2257 1438 2279 re
1463 2247 1717 2289 quodammodo

359 2298 513 2331 eximiam
536 2300 706 2333 revelatae
730 2302 903 2343 religionis
915 2304 1076 2336 virtutem
1101 2304 1166 2337 sibi
1179 2304 1400 2346 premendam
1424 2314 1629 2345 persuasum
1653 2303 1715 2335 ha—

357 2352 448 2394 buit,
473 2355 521 2386 sic
545 2356 661 2388 dicens
684 2357 708 2391 l.
731 2357 755 2391 l.
783 2368 862 2400 pag.
888 2358 950 2392 55:
998 2361 1091 2401 „Nur
1128 2361 1219 2393 noch
1259 2361 1313 2393 die
1348 2360 1502 2393 schmale
1539 2360 1718 2393 Schranke

357 2413 488 2442 trennte
512 2411 576 2443 den
599 2412 740 2444 Dichter
781 2424 849 2445 von
874 2414 933 2447 der
956 2416 1071 2449 vollen
1096 2428 1160 2450 uns
1186 2417 1294 2450 durch
1321 2417 1560 2459 Offenbarung
1584 2425 1715 2459 gewor-

358 2465 466 2497 denen
490 2467 682 2509 Wahrheit,
716 2469 795 2501 dass
822 2479 858 2501 er
883 2470 962 2511 daS‚
1000 2483 1071 2506 was
1096 2485 1132 2506 er
1155 2474 1201 2506 im
1226 2473 1406 2506 einzelnen
1432 2472 1641 2506 Gesehlecht
1667 2482 1719 2505 er—

358 2519 493 2562 kannte,
517 2523 609 2556 nieht
634 2524 697 2557 auf
719 2525 778 2558 das
805 2537 915 2569 ganzo
941 2528 1146 2562 Geschlecht
1172 2530 1230 2562 der
1253 2530 1468 2563 sterblichen
1494 2527 1690 2571 iibertrug.“
