<?xml version="1.0" encoding="UTF-8"?>
<!DOCTYPE html PUBLIC "-//W3C//DTD XHTML 1.0 Transitional//EN"
    "http://www.w3.org/TR/xhtml1/DTD/xhtml1-transitional.dtd">
<html xmlns="http://www.w3.org/1999/xhtml" xml:lang="en" lang="en">
 <head>
  <title>
</title>
<meta http-equiv="Content-Type" content="text/html;charset=utf-8" />
  <meta name='ocr-system' content='tesseract 3.04.00' />
  <meta name='ocr-capabilities' content='ocr_page ocr_carea ocr_par ocr_line ocrx_word'/>
</head>
<body>
  <div class='ocr_page' id='page_1' title='image "./defatoaeschyleo00junguoft_0061.png"; bbox 0 0 1743 3012; ppageno 0'>
   <div class='ocr_carea' id='block_1_1' title="bbox 743 180 791 216">
    <p class='ocr_par' dir='ltr' id='par_1_1' title="bbox 743 180 791 216">
     <span class='ocr_line' id='line_1_1' title="bbox 743 180 791 216; baseline 0.063 -3"><span class='ocrx_word' id='word_1_1' title='bbox 743 180 791 216; x_wconf 67' lang='lat'>‚²33</span> 
     </span>
    </p>
   </div>
   <div class='ocr_carea' id='block_1_2' title="bbox 38 275 1478 2574">
    <p class='ocr_par' dir='ltr' id='par_1_2' title="bbox 38 275 1478 2574">
     <span class='ocr_line' id='line_1_2' title="bbox 85 275 1451 338; baseline -0.002 -16"><span class='ocrx_word' id='word_1_2' title='bbox 85 289 118 327; x_wconf 85' lang='lat' dir='ltr'>et</span> <span class='ocrx_word' id='word_1_3' title='bbox 148 285 313 335; x_wconf 74' lang='lat' dir='ltr'>„tieist.“</span> <span class='ocrx_word' id='word_1_4' title='bbox 372 283 501 324; x_wconf 57' lang='lat' dir='ltr'>(litor.</span> <span class='ocrx_word' id='word_1_5' title='bbox 542 280 606 332; x_wconf 73' lang='grc' dir='ltr'>τίς</span> <span class='ocrx_word' id='word_1_6' title='bbox 637 276 712 324; x_wconf 70' lang='grc' dir='ltr'>οὖν</span> <span class='ocrx_word' id='word_1_7' title='bbox 752 278 940 338; x_wconf 73' lang='grc' dir='ltr'><em>ἀνάγκης</em></span> <span class='ocrx_word' id='word_1_8' title='bbox 969 278 1083 324; x_wconf 74' lang='grc' dir='ltr'><strong><em>ἐστὶν</em></strong></span> <span class='ocrx_word' id='word_1_9' title='bbox 1115 275 1451 334; x_wconf 71' lang='grc' dir='ltr'>οἷακοσιρὸφοςε</span> 
     </span>
     <span class='ocr_line' id='line_1_3' title="bbox 84 345 1449 406; baseline -0.01 -11"><span class='ocrx_word' id='word_1_10' title='bbox 84 354 213 394; x_wconf 84' lang='lat' dir='ltr'>Proin</span> <span class='ocrx_word' id='word_1_11' title='bbox 285 352 446 406; x_wconf 67' lang='grc' dir='ltr'>7Μοῖραι</span> <span class='ocrx_word' id='word_1_12' title='bbox 480 348 718 406; x_wconf 77' lang='grc' dir='ltr'><strong><em>τρίμορφοι</em></strong></span> <span class='ocrx_word' id='word_1_13' title='bbox 750 346 966 404; x_wconf 81' lang='grc' dir='ltr'><em>μνήμονές</em></span> <span class='ocrx_word' id='word_1_14' title='bbox 996 346 1029 390; x_wconf 81' lang='grc' dir='ltr'>τ’</span> <span class='ocrx_word' id='word_1_15' title='bbox 1062 345 1257 404; x_wconf 75' lang='grc' dir='ltr'>Ἐρινύες.</span> <span class='ocrx_word' id='word_1_16' title='bbox 1319 347 1449 385; x_wconf 71' lang='lat' dir='ltr'>(Iuor.</span> 
     </span>
     <span class='ocr_line' id='line_1_4' title="bbox 83 407 1452 474; baseline -0.006 -13"><span class='ocrx_word' id='word_1_17' title='bbox 83 418 251 461; x_wconf 76' lang='grc' dir='ltr'>τούτων</span> <span class='ocrx_word' id='word_1_18' title='bbox 282 414 366 474; x_wconf 69' lang='grc' dir='ltr'>ἄρα</span> <span class='ocrx_word' id='word_1_19' title='bbox 400 415 510 468; x_wconf 53' lang='lat' dir='ltr'>Zeis:</span> <span class='ocrx_word' id='word_1_20' title='bbox 540 415 1007 472; x_wconf 73' lang='grc' dir='ltr'>ἑστινᾶσ.’)ει-ἐστερος;</span> <span class='ocrx_word' id='word_1_21' title='bbox 1040 418 1181 458; x_wconf 79' lang='lat' dir='ltr'>l&#39;rotn.</span> <span class='ocrx_word' id='word_1_22' title='bbox 1217 411 1369 456; x_wconf 69' lang='grc' dir='ltr'><strong><em>οἷῖκουν</em></strong></span> <span class='ocrx_word' id='word_1_23' title='bbox 1401 407 1452 451; x_wconf 63' lang='grc' dir='ltr'>ι’ῗν</span> 
     </span>
     <span class='ocr_line' id='line_1_5' title="bbox 85 482 1454 544; baseline -0.009 -14"><span class='ocrx_word' id='word_1_24' title='bbox 85 487 256 544; x_wconf 58' lang='grc' dir='ltr'>ε”κρυγοι</span> <span class='ocrx_word' id='word_1_25' title='bbox 290 503 335 541; x_wconf 82' lang='grc' dir='ltr'>γε</span> <span class='ocrx_word' id='word_1_26' title='bbox 368 485 442 542; x_wconf 67' lang='grc' dir='ltr'>τὴν</span> <span class='ocrx_word' id='word_1_27' title='bbox 474 485 779 541; x_wconf 74' lang='grc' dir='ltr'>πεπρωμένην.</span> <span class='ocrx_word' id='word_1_28' title='bbox 829 486 950 526; x_wconf 84' lang='lat' dir='ltr'>Proin.</span> <span class='ocrx_word' id='word_1_29' title='bbox 984 485 1066 525; x_wconf 81' lang='lat'>517</span> <span class='ocrx_word' id='word_1_30' title='bbox 1099 498 1154 536; x_wconf 88' lang='lat' dir='ltr'>sq.</span> <span class='ocrx_word' id='word_1_31' title='bbox 1195 506 1245 510; x_wconf 78' lang='lat'><em>-</em></span> <span class='ocrx_word' id='word_1_32' title='bbox 1293 482 1373 530; x_wconf 83' lang='lat' dir='ltr'>Quo</span> <span class='ocrx_word' id='word_1_33' title='bbox 1405 482 1454 525; x_wconf 86' lang='lat' dir='ltr'>tlt,</span> 
     </span>
     <span class='ocr_line' id='line_1_6' title="bbox 85 548 1455 598; baseline -0.009 0"><span class='ocrx_word' id='word_1_34' title='bbox 85 560 123 598; x_wconf 85' lang='lat' dir='ltr'>ut</span> <span class='ocrx_word' id='word_1_35' title='bbox 154 568 271 598; x_wconf 89' lang='lat' dir='ltr'>rerum</span> <span class='ocrx_word' id='word_1_36' title='bbox 305 557 433 596; x_wconf 90' lang='lat' dir='ltr'>natura</span> <span class='ocrx_word' id='word_1_37' title='bbox 476 555 521 594; x_wconf 86' lang='lat' dir='ltr'>ita</span> <span class='ocrx_word' id='word_1_38' title='bbox 554 554 783 594; x_wconf 82' lang='lat' dir='ltr'>considerata</span> <span class='ocrx_word' id='word_1_39' title='bbox 825 554 974 594; x_wconf 88' lang='lat' dir='ltr'>liberum</span> <span class='ocrx_word' id='word_1_40' title='bbox 1006 554 1190 594; x_wconf 70' lang='lat' dir='ltr'>arbitrium</span> <span class='ocrx_word' id='word_1_41' title='bbox 1223 551 1363 590; x_wconf 90' lang='lat' dir='ltr'>nullum</span> <span class='ocrx_word' id='word_1_42' title='bbox 1397 548 1455 586; x_wconf 87' lang='lat' dir='ltr'>sit.</span> 
     </span>
     <span class='ocr_line' id='line_1_7' title="bbox 86 617 1454 671; baseline -0.009 -6"><span class='ocrx_word' id='word_1_43' title='bbox 86 625 278 665; x_wconf 72' lang='lat' dir='ltr'>Enimvero</span> <span class='ocrx_word' id='word_1_44' title='bbox 323 622 404 671; x_wconf 77' lang='lat' dir='ltr'>eins</span> <span class='ocrx_word' id='word_1_45' title='bbox 437 622 534 661; x_wconf 91' lang='lat' dir='ltr'>notio</span> <span class='ocrx_word' id='word_1_46' title='bbox 575 624 671 662; x_wconf 90' lang='lat' dir='ltr'>omui</span> <span class='ocrx_word' id='word_1_47' title='bbox 704 625 800 661; x_wconf 86' lang='lat' dir='ltr'>caret</span> <span class='ocrx_word' id='word_1_48' title='bbox 831 622 1048 670; x_wconf 80' lang='lat' dir='ltr'>suhtditate‚</span> <span class='ocrx_word' id='word_1_49' title='bbox 1095 621 1185 669; x_wconf 76' lang='lat' dir='ltr'>nisi,</span> <span class='ocrx_word' id='word_1_50' title='bbox 1229 622 1266 659; x_wconf 91' lang='lat' dir='ltr'>ut</span> <span class='ocrx_word' id='word_1_51' title='bbox 1298 617 1454 657; x_wconf 80' lang='lat' dir='ltr'>Kantius</span> 
     </span>
     <span class='ocr_line' id='line_1_8' title="bbox 86 685 1454 741; baseline -0.009 -9"><span class='ocrx_word' id='word_1_52' title='bbox 86 693 179 741; x_wconf 78' lang='lat' dir='ltr'>tecit,</span> <span class='ocrx_word' id='word_1_53' title='bbox 211 691 376 731; x_wconf 88' lang='lat' dir='ltr'>solorum</span> <span class='ocrx_word' id='word_1_54' title='bbox 411 690 594 730; x_wconf 91' lang='lat' dir='ltr'>hominum</span> <span class='ocrx_word' id='word_1_55' title='bbox 629 690 777 729; x_wconf 80' lang='lat' dir='ltr'>liberum</span> <span class='ocrx_word' id='word_1_56' title='bbox 809 689 993 729; x_wconf 82' lang='lat' dir='ltr'>arbitrium</span> <span class='ocrx_word' id='word_1_57' title='bbox 1012 689 1194 739; x_wconf 83' lang='lat' dir='ltr'>proprium</span> <span class='ocrx_word' id='word_1_58' title='bbox 1213 697 1299 726; x_wconf 88' lang='lat' dir='ltr'>esse</span> <span class='ocrx_word' id='word_1_59' title='bbox 1315 685 1454 724; x_wconf 84' lang='lat' dir='ltr'>dieitur.</span> 
     </span>
     <span class='ocr_line' id='line_1_9' title="bbox 92 753 1461 808; baseline -0.007 -10"><span class='ocrx_word' id='word_1_60' title='bbox 92 761 170 808; x_wconf 80' lang='lat' dir='ltr'>Qua</span> <span class='ocrx_word' id='word_1_61' title='bbox 203 760 349 800; x_wconf 91' lang='lat' dir='ltr'>notione</span> <span class='ocrx_word' id='word_1_62' title='bbox 380 758 563 799; x_wconf 86' lang='lat' dir='ltr'>hominum</span> <span class='ocrx_word' id='word_1_63' title='bbox 597 758 689 797; x_wconf 85' lang='lat' dir='ltr'>t&#39;acta</span> <span class='ocrx_word' id='word_1_64' title='bbox 719 757 762 797; x_wconf 90' lang='lat' dir='ltr'>ad</span> <span class='ocrx_word' id='word_1_65' title='bbox 794 758 890 798; x_wconf 87' lang='lat' dir='ltr'>aliud</span> <span class='ocrx_word' id='word_1_66' title='bbox 923 757 1089 807; x_wconf 76' lang='lat' dir='ltr'>quiddam</span> <span class='ocrx_word' id='word_1_67' title='bbox 1123 757 1323 796; x_wconf 81' lang='lat' dir='ltr'>reseruntur</span> <span class='ocrx_word' id='word_1_68' title='bbox 1352 753 1461 800; x_wconf 86' lang='lat' dir='ltr'>atque</span> 
     </span>
     <span class='ocr_line' id='line_1_10' title="bbox 86 822 1459 877; baseline -0.008 -9"><span class='ocrx_word' id='word_1_69' title='bbox 86 828 131 868; x_wconf 88' lang='lat' dir='ltr'>ad</span> <span class='ocrx_word' id='word_1_70' title='bbox 166 837 323 875; x_wconf 81' lang='lat' dir='ltr'>causaS‚</span> <span class='ocrx_word' id='word_1_71' title='bbox 370 836 460 876; x_wconf 85' lang='lat' dir='ltr'>quae</span> <span class='ocrx_word' id='word_1_72' title='bbox 493 826 526 864; x_wconf 89' lang='lat' dir='ltr'>in</span> <span class='ocrx_word' id='word_1_73' title='bbox 567 825 701 864; x_wconf 85' lang='lat' dir='ltr'>inimdo</span> <span class='ocrx_word' id='word_1_74' title='bbox 733 825 902 877; x_wconf 83' lang='lat' dir='ltr'>empirico</span> <span class='ocrx_word' id='word_1_75' title='bbox 933 826 1164 866; x_wconf 71' lang='lat' dir='ltr'>im&#39;eniuntur</span> <span class='ocrx_word' id='word_1_76' title='bbox 1201 822 1459 872; x_wconf 79' lang='lat' dir='ltr'>quibusque</span> 
     </span>
     <span class='ocr_line' id='line_1_11' title="bbox 85 885 1457 942; baseline -0.009 -6"><span class='ocrx_word' id='word_1_77' title='bbox 85 895 213 936; x_wconf 86' lang='lat' dir='ltr'>solis</span> <span class='ocrx_word' id='word_1_78' title='bbox 255 905 382 934; x_wconf 82' lang='lat' dir='ltr'>mens</span> <span class='ocrx_word' id='word_1_79' title='bbox 423 894 618 933; x_wconf 85' lang='lat' dir='ltr'>humana</span> <span class='ocrx_word' id='word_1_80' title='bbox 657 893 852 942; x_wconf 83' lang='lat' dir='ltr'>nitetur,</span> <span class='ocrx_word' id='word_1_81' title='bbox 897 893 935 932; x_wconf 92' lang='lat' dir='ltr'>si</span> <span class='ocrx_word' id='word_1_82' title='bbox 983 893 1160 942; x_wconf 90' lang='lat' dir='ltr'>quidem</span> <span class='ocrx_word' id='word_1_83' title='bbox 1206 900 1320 930; x_wconf 85' lang='lat' dir='ltr'>suos</span> <span class='ocrx_word' id='word_1_84' title='bbox 1366 885 1457 926; x_wconf 85' lang='lat' dir='ltr'>sihi</span> 
     </span>
     <span class='ocr_line' id='line_1_12' title="bbox 85 957 1463 1012; baseline -0.007 -9"><span class='ocrx_word' id='word_1_85' title='bbox 85 964 216 1003; x_wconf 82' lang='lat' dir='ltr'>lines</span> <span class='ocrx_word' id='word_1_86' title='bbox 266 961 564 1002; x_wconf 89' lang='lat' dir='ltr'>constitutos</span> <span class='ocrx_word' id='word_1_87' title='bbox 621 961 894 1012; x_wconf 78' lang='lat' dir='ltr'>transgredi</span> <span class='ocrx_word' id='word_1_88' title='bbox 943 961 1160 1001; x_wconf 86' lang='lat' dir='ltr'>noluerit.</span> <span class='ocrx_word' id='word_1_89' title='bbox 1237 957 1330 1006; x_wconf 54' lang='lat' dir='ltr'>„istst</span> <span class='ocrx_word' id='word_1_90' title='bbox 1375 966 1463 1006; x_wconf 77' lang='lat' dir='ltr'>ergo</span> 
     </span>
     <span class='ocr_line' id='line_1_13' title="bbox 87 1025 1463 1079; baseline -0.007 -9"><span class='ocrx_word' id='word_1_91' title='bbox 87 1030 247 1070; x_wconf 73' lang='lat' dir='ltr'>mulidus</span> <span class='ocrx_word' id='word_1_92' title='bbox 287 1028 522 1079; x_wconf 74' lang='lat' dir='ltr'>intelligibilis</span> <span class='ocrx_word' id='word_1_93' title='bbox 567 1029 676 1068; x_wconf 87' lang='lat' dir='ltr'>statio</span> <span class='ocrx_word' id='word_1_94' title='bbox 716 1034 898 1079; x_wconf 78' lang='lat' dir='ltr'>tamquam</span> <span class='ocrx_word' id='word_1_95' title='bbox 945 1031 1045 1068; x_wconf 83' lang='lat' dir='ltr'>extra</span> <span class='ocrx_word' id='word_1_96' title='bbox 1085 1028 1267 1079; x_wconf 73' lang='lat' dir='ltr'>regionem</span> <span class='ocrx_word' id='word_1_97' title='bbox 1302 1025 1463 1075; x_wconf 85' lang='lat' dir='ltr'>phaeno-</span> 
     </span>
     <span class='ocr_line' id='line_1_14' title="bbox 89 1091 1465 1148; baseline -0.006 -11"><span class='ocrx_word' id='word_1_98' title='bbox 89 1109 293 1145; x_wconf 77' lang='lat' dir='ltr'>metrorum,</span> <span class='ocrx_word' id='word_1_99' title='bbox 324 1096 368 1136; x_wconf 90' lang='lat' dir='ltr'>ad</span> <span class='ocrx_word' id='word_1_100' title='bbox 405 1107 512 1145; x_wconf 89' lang='lat' dir='ltr'>quam</span> <span class='ocrx_word' id='word_1_101' title='bbox 546 1096 636 1136; x_wconf 88' lang='lat' dir='ltr'>ratio</span> <span class='ocrx_word' id='word_1_102' title='bbox 667 1101 792 1137; x_wconf 83' lang='lat' dir='ltr'>coacta</span> <span class='ocrx_word' id='word_1_103' title='bbox 823 1097 926 1146; x_wconf 81' lang='lat' dir='ltr'>quasi</span> <span class='ocrx_word' id='word_1_104' title='bbox 959 1097 1205 1148; x_wconf 72' lang='lat' dir='ltr'>compellitur,</span> <span class='ocrx_word' id='word_1_105' title='bbox 1252 1096 1286 1133; x_wconf 91' lang='lat' dir='ltr'>ut</span> <span class='ocrx_word' id='word_1_106' title='bbox 1319 1091 1465 1131; x_wconf 81' lang='lat' dir='ltr'>sublimi</span> 
     </span>
     <span class='ocr_line' id='line_1_15' title="bbox 88 1160 1464 1215; baseline -0.007 -9"><span class='ocrx_word' id='word_1_107' title='bbox 88 1167 156 1206; x_wconf 87' lang='lat' dir='ltr'>hoc</span> <span class='ocrx_word' id='word_1_108' title='bbox 189 1166 269 1205; x_wconf 89' lang='lat' dir='ltr'>loco</span> <span class='ocrx_word' id='word_1_109' title='bbox 301 1164 419 1215; x_wconf 85' lang='lat' dir='ltr'>posita</span> <span class='ocrx_word' id='word_1_110' title='bbox 452 1173 493 1202; x_wconf 89' lang='lat' dir='ltr'>se</span> <span class='ocrx_word' id='word_1_111' title='bbox 525 1163 641 1213; x_wconf 82' lang='lat' dir='ltr'>ipsam</span> <span class='ocrx_word' id='word_1_112' title='bbox 660 1164 881 1204; x_wconf 86' lang='lat' dir='ltr'>intueatur.“</span> <span class='ocrx_word' id='word_1_113' title='bbox 913 1161 1327 1214; x_wconf 63' lang='lat' dir='ltr'>(Kantiiilletaphysd.</span> <span class='ocrx_word' id='word_1_114' title='bbox 1349 1160 1464 1200; x_wconf 87' lang='lat' dir='ltr'>Sitten</span> 
     </span>
     <span class='ocr_line' id='line_1_16' title="bbox 90 1229 1464 1285; baseline -0.004 -12"><span class='ocrx_word' id='word_1_115' title='bbox 90 1246 172 1285; x_wconf 78' lang='lat' dir='ltr'>pag.</span> <span class='ocrx_word' id='word_1_116' title='bbox 208 1231 260 1273; x_wconf 86' lang='lat'>93</span> <span class='ocrx_word' id='word_1_117' title='bbox 293 1232 339 1272; x_wconf 77' lang='lat' dir='ltr'>cf.</span> <span class='ocrx_word' id='word_1_118' title='bbox 371 1231 621 1281; x_wconf 80' lang='lat' dir='ltr'>Zwautzigeri</span> <span class='ocrx_word' id='word_1_119' title='bbox 653 1243 744 1271; x_wconf 81' lang='lat' dir='ltr'>vers.</span> <span class='ocrx_word' id='word_1_120' title='bbox 781 1243 864 1284; x_wconf 79' lang='lat' dir='ltr'>pag.</span> <span class='ocrx_word' id='word_1_121' title='bbox 901 1231 1009 1281; x_wconf 76' lang='lat'>132.)</span> <span class='ocrx_word' id='word_1_122' title='bbox 1066 1235 1108 1271; x_wconf 83' lang='lat' dir='ltr'>At</span> <span class='ocrx_word' id='word_1_123' title='bbox 1142 1242 1224 1271; x_wconf 66' lang='lat' dir='ltr'>vero</span> <span class='ocrx_word' id='word_1_124' title='bbox 1258 1229 1464 1281; x_wconf 72' lang='lat' dir='ltr'>Aeschylus</span> 
     </span>
     <span class='ocr_line' id='line_1_17' title="bbox 95 1296 1469 1350; baseline -0.004 -10"><span class='ocrx_word' id='word_1_125' title='bbox 95 1304 132 1341; x_wconf 90' lang='lat' dir='ltr'>nt</span> <span class='ocrx_word' id='word_1_126' title='bbox 165 1301 273 1340; x_wconf 89' lang='lat' dir='ltr'>homo</span> <span class='ocrx_word' id='word_1_127' title='bbox 305 1301 469 1339; x_wconf 75' lang='lat' dir='ltr'>Graecus</span> <span class='ocrx_word' id='word_1_128' title='bbox 501 1299 662 1338; x_wconf 90' lang='lat' dir='ltr'>ordinem</span> <span class='ocrx_word' id='word_1_129' title='bbox 697 1311 814 1339; x_wconf 87' lang='lat' dir='ltr'>rerum</span> <span class='ocrx_word' id='word_1_130' title='bbox 847 1311 994 1350; x_wconf 84' lang='lat' dir='ltr'>semper</span> <span class='ocrx_word' id='word_1_131' title='bbox 1023 1300 1066 1339; x_wconf 90' lang='lat' dir='ltr'>ad</span> <span class='ocrx_word' id='word_1_132' title='bbox 1095 1300 1303 1340; x_wconf 68' lang='lat' dir='ltr'>universum</span> <span class='ocrx_word' id='word_1_133' title='bbox 1338 1296 1469 1336; x_wconf 85' lang='lat' dir='ltr'>rettulit</span> 
     </span>
     <span class='ocr_line' id='line_1_18' title="bbox 94 1365 1467 1419; baseline -0.004 -11"><span class='ocrx_word' id='word_1_134' title='bbox 94 1368 269 1409; x_wconf 91' lang='lat' dir='ltr'>mundum</span> <span class='ocrx_word' id='word_1_135' title='bbox 303 1376 418 1415; x_wconf 88' lang='lat' dir='ltr'>neque</span> <span class='ocrx_word' id='word_1_136' title='bbox 451 1366 561 1406; x_wconf 86' lang='lat' dir='ltr'>ullam</span> <span class='ocrx_word' id='word_1_137' title='bbox 586 1368 701 1419; x_wconf 81' lang='lat' dir='ltr'>legem</span> <span class='ocrx_word' id='word_1_138' title='bbox 720 1370 858 1418; x_wconf 86' lang='lat' dir='ltr'>praeter</span> <span class='ocrx_word' id='word_1_139' title='bbox 875 1368 1119 1409; x_wconf 85' lang='lat' dir='ltr'>universalem</span> <span class='ocrx_word' id='word_1_140' title='bbox 1147 1368 1307 1418; x_wconf 72' lang='lat' dir='ltr'>agnovit.</span> <span class='ocrx_word' id='word_1_141' title='bbox 1347 1365 1467 1413; x_wconf 88' lang='lat' dir='ltr'>ltaque</span> 
     </span>
     <span class='ocr_line' id='line_1_19' title="bbox 93 1432 1466 1487; baseline -0.004 -11"><span class='ocrx_word' id='word_1_142' title='bbox 93 1436 264 1487; x_wconf 75' lang='lat' dir='ltr'>peculiari</span> <span class='ocrx_word' id='word_1_143' title='bbox 299 1436 390 1474; x_wconf 72' lang='lat' dir='ltr'>vitae</span> <span class='ocrx_word' id='word_1_144' title='bbox 422 1433 604 1474; x_wconf 84' lang='lat' dir='ltr'>humanae</span> <span class='ocrx_word' id='word_1_145' title='bbox 637 1437 774 1476; x_wconf 84' lang='lat' dir='ltr'>ratione</span> <span class='ocrx_word' id='word_1_146' title='bbox 806 1437 932 1486; x_wconf 86' lang='lat' dir='ltr'>caruit,</span> <span class='ocrx_word' id='word_1_147' title='bbox 966 1438 1035 1476; x_wconf 92' lang='lat' dir='ltr'>imo</span> <span class='ocrx_word' id='word_1_148' title='bbox 1067 1447 1146 1476; x_wconf 85' lang='lat' dir='ltr'>eam</span> <span class='ocrx_word' id='word_1_149' title='bbox 1180 1432 1466 1486; x_wconf 75' lang='lat' dir='ltr'>perseintelligi</span> 
     </span>
     <span class='ocr_line' id='line_1_20' title="bbox 87 1501 1467 1554; baseline -0.005 -9"><span class='ocrx_word' id='word_1_150' title='bbox 87 1503 258 1552; x_wconf 81' lang='lat' dir='ltr'>eredidit,</span> <span class='ocrx_word' id='word_1_151' title='bbox 307 1513 418 1553; x_wconf 87' lang='lat' dir='ltr'>quum</span> <span class='ocrx_word' id='word_1_152' title='bbox 451 1503 623 1554; x_wconf 81' lang='lat' dir='ltr'>singulos</span> <span class='ocrx_word' id='word_1_153' title='bbox 657 1504 824 1545; x_wconf 89' lang='lat' dir='ltr'>homines</span> <span class='ocrx_word' id='word_1_154' title='bbox 865 1507 939 1545; x_wconf 87' lang='lat' dir='ltr'>toto</span> <span class='ocrx_word' id='word_1_155' title='bbox 981 1515 1098 1544; x_wconf 88' lang='lat' dir='ltr'>rerum</span> <span class='ocrx_word' id='word_1_156' title='bbox 1140 1503 1264 1543; x_wconf 82' lang='lat' dir='ltr'>ordine</span> <span class='ocrx_word' id='word_1_157' title='bbox 1295 1501 1467 1541; x_wconf 81' lang='lat' dir='ltr'>contineri</span> 
     </span>
     <span class='ocr_line' id='line_1_21' title="bbox 93 1569 1469 1624; baseline -0.003 -12"><span class='ocrx_word' id='word_1_158' title='bbox 93 1581 313 1624; x_wconf 85' lang='lat' dir='ltr'>persuasum</span> <span class='ocrx_word' id='word_1_159' title='bbox 348 1570 506 1611; x_wconf 81' lang='lat' dir='ltr'>haberet.</span> <span class='ocrx_word' id='word_1_160' title='bbox 571 1571 673 1611; x_wconf 83' lang='lat' dir='ltr'>Unde</span> <span class='ocrx_word' id='word_1_161' title='bbox 706 1572 826 1621; x_wconf 86' lang='lat' dir='ltr'>liquet,</span> <span class='ocrx_word' id='word_1_162' title='bbox 857 1572 1040 1622; x_wconf 87' lang='lat' dir='ltr'>quomodo</span> <span class='ocrx_word' id='word_1_163' title='bbox 1063 1573 1136 1620; x_wconf 81' lang='lat' dir='ltr'>ilat,</span> <span class='ocrx_word' id='word_1_164' title='bbox 1168 1572 1205 1610; x_wconf 89' lang='lat' dir='ltr'>ut</span> <span class='ocrx_word' id='word_1_165' title='bbox 1236 1571 1344 1621; x_wconf 77' lang='lat' dir='ltr'>louge</span> <span class='ocrx_word' id='word_1_166' title='bbox 1377 1569 1469 1609; x_wconf 90' lang='lat' dir='ltr'>late-</span> 
     </span>
     <span class='ocr_line' id='line_1_22' title="bbox 92 1638 1467 1690; baseline -0.002 -11"><span class='ocrx_word' id='word_1_167' title='bbox 92 1650 161 1689; x_wconf 89' lang='lat' dir='ltr'>que</span> <span class='ocrx_word' id='word_1_168' title='bbox 192 1638 296 1688; x_wconf 83' lang='lat' dir='ltr'>quasi</span> <span class='ocrx_word' id='word_1_169' title='bbox 330 1641 564 1688; x_wconf 88' lang='lat' dir='ltr'>prospectum</span> <span class='ocrx_word' id='word_1_170' title='bbox 599 1640 769 1690; x_wconf 74' lang='lat' dir='ltr'>praebeat</span> <span class='ocrx_word' id='word_1_171' title='bbox 799 1640 1041 1680; x_wconf 77' lang='lat' dir='ltr'>Prometheus</span> <span class='ocrx_word' id='word_1_172' title='bbox 1074 1640 1225 1680; x_wconf 79' lang='lat' dir='ltr'>vinctus</span> <span class='ocrx_word' id='word_1_173' title='bbox 1266 1639 1467 1689; x_wconf 76' lang='lat' dir='ltr'>Regionem</span> 
     </span>
     <span class='ocr_line' id='line_1_23' title="bbox 38 1705 1468 1759; baseline -0.003 -11"><span class='ocrx_word' id='word_1_174' title='bbox 38 1721 44 1724; x_wconf 73' lang='grc'><strong>’</strong></span> <span class='ocrx_word' id='word_1_175' title='bbox 93 1708 199 1759; x_wconf 84' lang='lat' dir='ltr'>igitur</span> <span class='ocrx_word' id='word_1_176' title='bbox 229 1711 412 1755; x_wconf 87' lang='lat' dir='ltr'>tamquam</span> <span class='ocrx_word' id='word_1_177' title='bbox 446 1705 646 1745; x_wconf 77' lang='lat' dir='ltr'>divinarum</span> <span class='ocrx_word' id='word_1_178' title='bbox 681 1709 713 1746; x_wconf 89' lang='lat' dir='ltr'>et</span> <span class='ocrx_word' id='word_1_179' title='bbox 745 1708 983 1747; x_wconf 79' lang='lat' dir='ltr'>hnmanartun</span> <span class='ocrx_word' id='word_1_180' title='bbox 1016 1719 1154 1755; x_wconf 76' lang='lat' dir='ltr'>rerum‚</span> <span class='ocrx_word' id='word_1_181' title='bbox 1195 1709 1231 1745; x_wconf 86' lang='lat' dir='ltr'>ut</span> <span class='ocrx_word' id='word_1_182' title='bbox 1263 1707 1310 1746; x_wconf 80' lang='lat' dir='ltr'>ita</span> <span class='ocrx_word' id='word_1_183' title='bbox 1340 1706 1468 1752; x_wconf 81' lang='lat' dir='ltr'>dicam,</span> 
     </span>
     <span class='ocr_line' id='line_1_24' title="bbox 90 1773 1469 1826; baseline -0.002 -11"><span class='ocrx_word' id='word_1_184' title='bbox 90 1778 195 1825; x_wconf 77' lang='lat' dir='ltr'>poeta</span> <span class='ocrx_word' id='word_1_185' title='bbox 240 1774 365 1813; x_wconf 82' lang='lat' dir='ltr'>noster</span> <span class='ocrx_word' id='word_1_186' title='bbox 397 1775 429 1811; x_wconf 88' lang='lat' dir='ltr'>in</span> <span class='ocrx_word' id='word_1_187' title='bbox 471 1774 543 1812; x_wconf 87' lang='lat' dir='ltr'>t&#39;ato</span> <span class='ocrx_word' id='word_1_188' title='bbox 575 1773 794 1814; x_wconf 88' lang='lat' dir='ltr'>declarando</span> <span class='ocrx_word' id='word_1_189' title='bbox 825 1775 1090 1826; x_wconf 79' lang='lat' dir='ltr'>transgreditur</span> <span class='ocrx_word' id='word_1_190' title='bbox 1137 1785 1207 1814; x_wconf 92' lang='lat' dir='ltr'>non</span> <span class='ocrx_word' id='word_1_191' title='bbox 1256 1777 1293 1813; x_wconf 93' lang='lat' dir='ltr'>ut</span> <span class='ocrx_word' id='word_1_192' title='bbox 1338 1774 1469 1823; x_wconf 74' lang='lat' dir='ltr'>singu-</span> 
     </span>
     <span class='ocr_line' id='line_1_25' title="bbox 92 1841 1471 1891; baseline -0.002 -9"><span class='ocrx_word' id='word_1_193' title='bbox 92 1842 208 1882; x_wconf 89' lang='lat' dir='ltr'>lorum</span> <span class='ocrx_word' id='word_1_194' title='bbox 254 1841 500 1880; x_wconf 83' lang='lat' dir='ltr'>lunnanorum</span> <span class='ocrx_word' id='word_1_195' title='bbox 536 1841 712 1882; x_wconf 76' lang='lat' dir='ltr'>sactorum</span> <span class='ocrx_word' id='word_1_196' title='bbox 735 1841 850 1891; x_wconf 79' lang='lat' dir='ltr'>Jaciat</span> <span class='ocrx_word' id='word_1_197' title='bbox 884 1842 1178 1891; x_wconf 77' lang='lat' dir='ltr'>tundamentum,</span> <span class='ocrx_word' id='word_1_198' title='bbox 1217 1842 1281 1881; x_wconf 90' lang='lat' dir='ltr'>sed</span> <span class='ocrx_word' id='word_1_199' title='bbox 1323 1845 1360 1880; x_wconf 85' lang='lat' dir='ltr'>nt</span> <span class='ocrx_word' id='word_1_200' title='bbox 1391 1841 1471 1880; x_wconf 89' lang='lat' dir='ltr'>uni-</span> 
     </span>
     <span class='ocr_line' id='line_1_26' title="bbox 92 1907 1470 1959; baseline -0.002 -9"><span class='ocrx_word' id='word_1_201' title='bbox 92 1921 237 1951; x_wconf 73' lang='lat' dir='ltr'>versum</span> <span class='ocrx_word' id='word_1_202' title='bbox 286 1907 410 1958; x_wconf 83' lang='lat' dir='ltr'>quasi</span> <span class='ocrx_word' id='word_1_203' title='bbox 441 1909 631 1949; x_wconf 80' lang='lat' dir='ltr'>substruat</span> <span class='ocrx_word' id='word_1_204' title='bbox 677 1911 864 1951; x_wconf 91' lang='lat' dir='ltr'>mundum.</span> <span class='ocrx_word' id='word_1_205' title='bbox 926 1910 1045 1957; x_wconf 85' lang='lat' dir='ltr'>Quare</span> <span class='ocrx_word' id='word_1_206' title='bbox 1090 1921 1184 1959; x_wconf 83' lang='lat' dir='ltr'>quae</span> <span class='ocrx_word' id='word_1_207' title='bbox 1230 1910 1263 1948; x_wconf 92' lang='lat' dir='ltr'>in</span> <span class='ocrx_word' id='word_1_208' title='bbox 1310 1909 1470 1948; x_wconf 90' lang='lat' dir='ltr'>omnium</span> 
     </span>
     <span class='ocr_line' id='line_1_27' title="bbox 96 1977 1471 2028; baseline -0.001 -10"><span class='ocrx_word' id='word_1_209' title='bbox 96 1980 171 2018; x_wconf 78' lang='lat' dir='ltr'>sere</span> <span class='ocrx_word' id='word_1_210' title='bbox 201 1989 262 2017; x_wconf 91' lang='lat' dir='ltr'>ore</span> <span class='ocrx_word' id='word_1_211' title='bbox 295 1977 389 2027; x_wconf 79' lang='lat' dir='ltr'>viget</span> <span class='ocrx_word' id='word_1_212' title='bbox 420 1977 601 2016; x_wconf 83' lang='lat' dir='ltr'>sententia</span> <span class='ocrx_word' id='word_1_213' title='bbox 632 1977 676 2016; x_wconf 90' lang='lat' dir='ltr'>de</span> <span class='ocrx_word' id='word_1_214' title='bbox 708 1979 867 2018; x_wconf 82' lang='lat' dir='ltr'>obscuro</span> <span class='ocrx_word' id='word_1_215' title='bbox 899 1979 971 2018; x_wconf 82' lang='lat' dir='ltr'>tato</span> <span class='ocrx_word' id='word_1_216' title='bbox 1003 1989 1075 2017; x_wconf 84' lang='lat' dir='ltr'>non</span> <span class='ocrx_word' id='word_1_217' title='bbox 1109 1979 1259 2028; x_wconf 85' lang='lat' dir='ltr'>pertinet</span> <span class='ocrx_word' id='word_1_218' title='bbox 1289 1977 1333 2017; x_wconf 86' lang='lat' dir='ltr'>ad</span> <span class='ocrx_word' id='word_1_219' title='bbox 1357 1987 1471 2026; x_wconf 87' lang='lat' dir='ltr'>quen-</span> 
     </span>
     <span class='ocr_line' id='line_1_28' title="bbox 92 2045 1471 2095; baseline -0.001 -11"><span class='ocrx_word' id='word_1_220' title='bbox 92 2046 175 2085; x_wconf 91' lang='lat' dir='ltr'>dam</span> <span class='ocrx_word' id='word_1_221' title='bbox 220 2045 392 2084; x_wconf 88' lang='lat' dir='ltr'>incertum</span> <span class='ocrx_word' id='word_1_222' title='bbox 436 2053 610 2094; x_wconf 78' lang='lat' dir='ltr'>sensum,</span> <span class='ocrx_word' id='word_1_223' title='bbox 660 2057 731 2095; x_wconf 83' lang='lat' dir='ltr'>quo</span> <span class='ocrx_word' id='word_1_224' title='bbox 771 2047 976 2086; x_wconf 79' lang='lat' dir='ltr'>necessitas</span> <span class='ocrx_word' id='word_1_225' title='bbox 1015 2046 1256 2086; x_wconf 86' lang='lat' dir='ltr'>humanorum</span> <span class='ocrx_word' id='word_1_226' title='bbox 1296 2046 1471 2084; x_wconf 76' lang='lat' dir='ltr'>factorum</span> 
     </span>
     <span class='ocr_line' id='line_1_29' title="bbox 93 2111 1472 2163; baseline -0.001 -11"><span class='ocrx_word' id='word_1_227' title='bbox 93 2113 139 2152; x_wconf 85' lang='lat' dir='ltr'>ab</span> <span class='ocrx_word' id='word_1_228' title='bbox 172 2111 356 2163; x_wconf 78' lang='lat' dir='ltr'>Aeschylo</span> <span class='ocrx_word' id='word_1_229' title='bbox 400 2121 471 2150; x_wconf 85' lang='lat' dir='ltr'>non</span> <span class='ocrx_word' id='word_1_230' title='bbox 505 2113 576 2151; x_wconf 81' lang='lat' dir='ltr'>tam</span> <span class='ocrx_word' id='word_1_231' title='bbox 610 2114 791 2154; x_wconf 82' lang='lat' dir='ltr'>intellecta</span> <span class='ocrx_word' id='word_1_232' title='bbox 823 2125 928 2163; x_wconf 85' lang='lat' dir='ltr'>quain</span> <span class='ocrx_word' id='word_1_233' title='bbox 961 2113 1115 2153; x_wconf 75' lang='lat' dir='ltr'>divinata</span> <span class='ocrx_word' id='word_1_234' title='bbox 1149 2113 1215 2160; x_wconf 84' lang='lat' dir='ltr'>sit,</span> <span class='ocrx_word' id='word_1_235' title='bbox 1261 2113 1326 2151; x_wconf 88' lang='lat' dir='ltr'>sed</span> <span class='ocrx_word' id='word_1_236' title='bbox 1362 2112 1472 2151; x_wconf 83' lang='lat' dir='ltr'>fatum</span> 
     </span>
     <span class='ocr_line' id='line_1_30' title="bbox 96 2179 1473 2231; baseline -0.002 -11"><span class='ocrx_word' id='word_1_237' title='bbox 96 2180 205 2220; x_wconf 85' lang='lat' dir='ltr'>hahet</span> <span class='ocrx_word' id='word_1_238' title='bbox 235 2179 367 2229; x_wconf 88' lang='lat' dir='ltr'>aliquid</span> <span class='ocrx_word' id='word_1_239' title='bbox 402 2179 596 2229; x_wconf 84' lang='lat' dir='ltr'>reconditi,</span> <span class='ocrx_word' id='word_1_240' title='bbox 637 2182 733 2230; x_wconf 85' lang='lat' dir='ltr'>quod</span> <span class='ocrx_word' id='word_1_241' title='bbox 766 2182 848 2231; x_wconf 77' lang='lat' dir='ltr'>ejus</span> <span class='ocrx_word' id='word_1_242' title='bbox 881 2182 978 2221; x_wconf 84' lang='lat' dir='ltr'>notin</span> <span class='ocrx_word' id='word_1_243' title='bbox 1009 2182 1112 2230; x_wconf 80' lang='lat' dir='ltr'>quasi</span> <span class='ocrx_word' id='word_1_244' title='bbox 1145 2182 1324 2220; x_wconf 87' lang='lat' dir='ltr'>monstrat</span> <span class='ocrx_word' id='word_1_245' title='bbox 1354 2179 1473 2229; x_wconf 81' lang='lat' dir='ltr'>regio-</span> 
     </span>
     <span class='ocr_line' id='line_1_31' title="bbox 96 2246 1474 2297; baseline -0.002 -9"><span class='ocrx_word' id='word_1_246' title='bbox 96 2259 178 2288; x_wconf 88' lang='lat' dir='ltr'>nem</span> <span class='ocrx_word' id='word_1_247' title='bbox 213 2246 408 2297; x_wconf 83' lang='lat' dir='ltr'>quandani‚</span> <span class='ocrx_word' id='word_1_248' title='bbox 439 2246 484 2285; x_wconf 85' lang='lat' dir='ltr'>ad</span> <span class='ocrx_word' id='word_1_249' title='bbox 518 2258 625 2296; x_wconf 86' lang='lat' dir='ltr'>quam</span> <span class='ocrx_word' id='word_1_250' title='bbox 660 2250 786 2290; x_wconf 86' lang='lat' dir='ltr'>rationi</span> <span class='ocrx_word' id='word_1_251' title='bbox 820 2250 1003 2289; x_wconf 84' lang='lat' dir='ltr'>humanae</span> <span class='ocrx_word' id='word_1_252' title='bbox 1035 2259 1106 2288; x_wconf 93' lang='lat' dir='ltr'>non</span> <span class='ocrx_word' id='word_1_253' title='bbox 1139 2252 1196 2287; x_wconf 87' lang='lat' dir='ltr'>est</span> <span class='ocrx_word' id='word_1_254' title='bbox 1226 2247 1360 2287; x_wconf 88' lang='lat' dir='ltr'>aditus.</span> <span class='ocrx_word' id='word_1_255' title='bbox 1400 2246 1474 2285; x_wconf 90' lang='lat' dir='ltr'>lmo</span> 
     </span>
     <span class='ocr_line' id='line_1_32' title="bbox 100 2314 1478 2365; baseline -0.002 -11"><span class='ocrx_word' id='word_1_256' title='bbox 100 2326 143 2355; x_wconf 86' lang='lat' dir='ltr'>ea</span> <span class='ocrx_word' id='word_1_257' title='bbox 164 2316 279 2364; x_wconf 75' lang='lat' dir='ltr'>quasi</span> <span class='ocrx_word' id='word_1_258' title='bbox 313 2314 461 2354; x_wconf 85' lang='lat' dir='ltr'>horrore</span> <span class='ocrx_word' id='word_1_259' title='bbox 495 2316 598 2355; x_wconf 79' lang='lat' dir='ltr'>vacui</span> <span class='ocrx_word' id='word_1_260' title='bbox 631 2320 791 2365; x_wconf 86' lang='lat' dir='ltr'>permota</span> <span class='ocrx_word' id='word_1_261' title='bbox 825 2317 1043 2356; x_wconf 76' lang='lat' dir='ltr'>exhorrescit</span> <span class='ocrx_word' id='word_1_262' title='bbox 1077 2317 1183 2355; x_wconf 89' lang='lat' dir='ltr'>istam</span> <span class='ocrx_word' id='word_1_263' title='bbox 1204 2315 1410 2365; x_wconf 59' lang='lat' dir='ltr'>voraginem</span> <span class='ocrx_word' id='word_1_264' title='bbox 1443 2314 1478 2352; x_wconf 86' lang='lat' dir='ltr'>et</span> 
     </span>
     <span class='ocr_line' id='line_1_33' title="bbox 102 2381 1474 2434; baseline -0.002 -12"><span class='ocrx_word' id='word_1_265' title='bbox 102 2383 272 2434; x_wconf 88' lang='lat' dir='ltr'>permittit</span> <span class='ocrx_word' id='word_1_266' title='bbox 303 2381 519 2431; x_wconf 81' lang='lat' dir='ltr'>explendam</span> <span class='ocrx_word' id='word_1_267' title='bbox 552 2383 766 2432; x_wconf 82' lang='lat' dir='ltr'>phantasiae</span> <span class='ocrx_word' id='word_1_268' title='bbox 800 2385 947 2424; x_wconf 90' lang='lat' dir='ltr'>modum</span> <span class='ocrx_word' id='word_1_269' title='bbox 979 2394 1124 2434; x_wconf 87' lang='lat' dir='ltr'>semper</span> <span class='ocrx_word' id='word_1_270' title='bbox 1161 2388 1193 2422; x_wconf 92' lang='lat' dir='ltr'>et</span> <span class='ocrx_word' id='word_1_271' title='bbox 1227 2385 1378 2422; x_wconf 87' lang='lat' dir='ltr'>lormam</span> <span class='ocrx_word' id='word_1_272' title='bbox 1409 2392 1474 2430; x_wconf 83' lang='lat' dir='ltr'>ap-</span> 
     </span>
     <span class='ocr_line' id='line_1_34' title="bbox 102 2447 1474 2503; baseline -0.003 -14"><span class='ocrx_word' id='word_1_273' title='bbox 102 2449 247 2500; x_wconf 82' lang='lat' dir='ltr'>petenti.</span> <span class='ocrx_word' id='word_1_274' title='bbox 309 2447 336 2485; x_wconf 83' lang='grc' dir='ltr'>Ο</span> <span class='ocrx_word' id='word_1_275' title='bbox 371 2447 581 2488; x_wconf 78' lang='lat' dir='ltr'>felicissime</span> <span class='ocrx_word' id='word_1_276' title='bbox 613 2451 816 2503; x_wconf 66' lang='lat' dir='ltr'>Aeschylo,</span> <span class='ocrx_word' id='word_1_277' title='bbox 848 2453 906 2501; x_wconf 86' lang='lat' dir='ltr'>qni</span> <span class='ocrx_word' id='word_1_278' title='bbox 940 2452 1006 2491; x_wconf 85' lang='lat' dir='ltr'>hac</span> <span class='ocrx_word' id='word_1_279' title='bbox 1039 2451 1158 2490; x_wconf 88' lang='lat' dir='ltr'>indole</span> <span class='ocrx_word' id='word_1_280' title='bbox 1191 2450 1374 2500; x_wconf 76' lang='lat' dir='ltr'>praeditus</span> <span class='ocrx_word' id='word_1_281' title='bbox 1406 2450 1474 2487; x_wconf 70' lang='lat' dir='ltr'>sul)</span> 
     </span>
     <span class='ocr_line' id='line_1_35' title="bbox 97 2515 1175 2574; baseline 0.004 -20"><span class='ocrx_word' id='word_1_282' title='bbox 97 2515 199 2554; x_wconf 88' lang='lat' dir='ltr'>coelo</span> <span class='ocrx_word' id='word_1_283' title='bbox 230 2522 362 2552; x_wconf 86' lang='lat' dir='ltr'>sereno</span> <span class='ocrx_word' id='word_1_284' title='bbox 394 2515 427 2553; x_wconf 92' lang='lat' dir='ltr'>in</span> <span class='ocrx_word' id='word_1_285' title='bbox 461 2517 678 2567; x_wconf 70' lang='lat' dir='ltr'>cogitatione</span> <span class='ocrx_word' id='word_1_286' title='bbox 708 2519 941 2568; x_wconf 73' lang='lat' dir='ltr'>acquieveris</span> <span class='ocrx_word' id='word_1_287' title='bbox 979 2516 1175 2574; x_wconf 68' lang='grc' dir='ltr'>Πςῖωίραςῑ</span> 
     </span>
    </p>
   </div>
   <div class='ocr_carea' id='block_1_3' title="bbox 623 2631 959 2641">
    <p class='ocr_par' dir='ltr' id='par_1_3' title="bbox 623 2631 959 2641">
     <span class='ocr_line' id='line_1_36' title="bbox 623 2631 959 2641; baseline -0.003 0"><span class='ocrx_word' id='word_1_288' title='bbox 623 2631 959 2641; x_wconf 44' lang='grc' dir='ltr'>ν-ν-ν--ξ-ψψ</span> 
     </span>
    </p>
   </div>
  </div>
 </body>
</html>
