1785 3033
1031 133 1077 172 16

366 285 435 321 ΙΙ.
483 284 561 319 De
587 284 732 318 bono
757 281 988 326 ejusque
1021 281 1177 318 fonte
1214 283 1328 319 sive
1359 284 1426 319 de
1458 285 1737 321 voluntate

554 341 612 375 in
638 341 927 376 honestate
953 341 1338 384 per-equenda
1365 339 1552 377 libera.

481 434 572 474 Nihil
606 444 697 473 sane
729 434 847 485 magis
879 433 1048 474 idoneum
1081 433 1219 472 videtur
1264 433 1307 472 ad
1341 433 1511 483 Aeschyli
1544 434 1736 486 theologu-

368 513 471 542 mena
505 502 755 553 perspicienda
785 502 819 541 et
850 501 895 541 ab
912 500 994 540 aliis
1011 500 1271 552 distinguenda
1302 511 1410 551 quam
1443 512 1536 551 quae
1567 501 1611 541 de
1641 501 1737 542 bono

367 570 518 620 ejusque
559 570 656 609 fonte
694 581 776 610 eum
810 569 980 609 sensisse
1013 569 1247 609 manifestum
1281 570 1350 610 est.
1412 569 1447 608 ln
1481 580 1551 618 ouo
1584 569 1738 609 maxime

358 638 486 678 ‘cautio
518 638 623 678 nobis
657 637 824 678 habenda
856 639 924 685 est„
957 647 1001 676 ne
1032 638 1160 687 poetae
1191 637 1384 687 quidquam
1424 637 1478 677 vel
1511 647 1529 676 e
1562 636 1736 677 Christia-

367 708 487 747 nismo
520 706 572 746 vel
606 717 624 745 e
655 706 850 746 recentiore
867 704 1097 755 philosophia
1116 705 1302 755 sumptum
1321 704 1573 754 subjiciamus,
1610 704 1737 746 Enim-

368 786 450 814 vero
484 785 551 814 nos
584 774 726 823 quidem
759 773 804 813 ab
834 774 983 812 ineunte
1013 774 1130 812 aetate
1161 772 1288 819 edocti,
1321 772 1406 812 nihil
1439 782 1526 811 esse
1541 772 1735 813 honestum

367 844 435 882 nisi
467 843 560 893 quod
594 846 738 882 nosmet
770 841 836 891 ipsi
856 840 1078 880 voluerimus
1097 840 1392 889 voluntatemque
1416 842 1525 880 totam
1559 842 1736 881 innostra

368 921 454 950 esse
485 913 676 961 potestate,
708 910 832 949 nescio
865 919 936 958 quo
969 910 1073 959 pacto
1098 908 1346 948 obliviscimur
1362 909 1582 959 saepissime
1613 910 1736 958 fontis,

365 989 407 1017 ex
453 989 523 1028 quo
569 978 737 1028 quidquid
785 978 938 1017 honeste
977 977 1155 1016 faciamus
1195 977 1462 1026 quodammodo
1494 978 1736 1018 hauserimus.

367 1047 409 1085 At
440 1057 522 1086 vero
555 1046 692 1094 Graeci,
725 1042 1019 1093 religiosissimi,
1053 1047 1089 1085 ut
1119 1045 1168 1084 ait
1196 1044 1428 1091 Jal<ohsius,=
1447 1047 1607 1086 oninium
1641 1057 1736 1086 mor-

365 1114 511 1163 talium,
559 1124 604 1153 ne
643 1115 868 1154 honestatem
916 1113 1056 1163 quidem
1097 1114 1163 1152 sihi
1203 1113 1296 1152 solis
1328 1117 1602 1164 arrogaverunt.
1663 1114 1738 1154 Nec

367 1193 450 1222 vero
483 1185 667 1233 propterea
700 1185 763 1222 aut
794 1182 860 1221 sihi
896 1182 963 1232 ipsi
996 1181 1382 1231 desperaveruntvaut
1413 1182 1569 1220 suismet
1602 1182 1736 1222 viribus

365 1251 473 1291 diitisi
506 1255 609 1302 sunt3
634 1252 705 1290 imo
735 1250 931 1289 dummodo
963 1249 1102 1289 strenui
1134 1251 1235 1288 erant
1265 1259 1308 1287 ac
1339 1247 1522 1298 sollertes,
1555 1250 1635 1289 sine
1651 1250 1736 1289 anili

366 1320 623 1369 superstitione
669 1323 702 1358 et
748 1318 838 1357 deos
885 1314 1053 1357 colebant
1099 1319 1133 1356 et
1180 1328 1238 1355 res
1277 1317 1470 1366 gerebant,
1521 1319 1736 1369 quaeipsis

365 1387 573 1427 tractandae
605 1387 753 1426 deornm
788 1386 962 1425 beneficio
994 1385 1196 1436 permissae
1214 1385 1372 1433 erant¹).
1409 1385 1547 1435 (Cujus
1571 1386 1617 1425 rei
1642 1386 1735 1426 haud

366 1454 496 1505 injuria
527 1455 659 1494 dixeris
691 1455 724 1493 in
758 1454 838 1504 ipso
871 1453 1054 1505 Aeschylo
1086 1453 1290 1503 exemplum
1324 1463 1429 1502 esse,
1477 1455 1514 1493 nt
1550 1455 1609 1503 qui
1641 1455 1735 1506 apud

366 1522 612 1562 Marathonem
668 1521 963 1570 Salaminemoue
1014 1523 1163 1560 strenue
1213 1523 1246 1560 et
1300 1521 1433 1560 sortiter
1491 1524 1736 1573 pugnaverit.)

366 1590 457 1638 Quin
491 1591 595 1630 etiam
629 1590 823 1630 honestum
856 1601 874 1628 a
909 1589 1005 1629 hono
1037 1589 1248 1639 plerumque
1282 1599 1350 1629 non
1385 1591 1539 1629 secernit
1572 1591 1736 1643 Aeschy-

365 1659 425 1699 lus
457 1660 522 1707 ila,
570 1661 607 1698 ut
639 1662 829 1707 utrumque
860 1658 964 1707 quasi
1011 1660 1043 1696 111
1078 1668 1188 1697 unum
1221 1658 1453 1707 conjunctum
1487 1668 1573 1697 esse
1612 1661 1737 1710 putare

367 1727 535 1767 videatur.
573 1727 702 1775 rAtqui
735 1736 843 1774 ouum
879 1726 1012 1765 honum
1045 1726 1164 1775 ipsum
1198 1727 1403 1765 necessitas
1425 1726 1584 1766 omnium
1618 1737 1734 1768 rerum

366 1794 649 1845 complectatur,
681 1794 772 1833 idem
805 1792 849 1832 (le
881 1793 1036 1832 honesto
1068 1793 1296 1841 sentiendum
1330 1793 1393 1832 erit
1467 1793 1564 1845 Ergo
1594 1806 1640 1834 ne
1671 1795 1735 1835 ho-

367 1865 471 1902 neste
502 1863 642 1912 quidem
678 1862 768 1901 facta
802 1872 872 1900 non
906 1862 938 1900 in
974 1862 1046 1900 l'ato
1077 1871 1163 1899 esse
1196 1861 1372 1900 videmus.

442 1940 445 1942 ·
481 1930 613 1970 Darius
653 1940 723 1968 non
772 1929 851 1967 sine
892 1928 960 1967 (160
999 1921 1128 1979 ὄλβον
1163 1929 1230 1968 sihi
1271 1930 1429 1979 paravit:
1485 1923 1639 1980 ὄλβον,
1689 1924 1737 1970 ὃν

367 2000 554 2052 Δαρεῖος
595 1991 693 2051 ἧρεν
732 1992 809 2036 οὔκ
849 1989 948 2036 ἄνευ
981 1999 1098 2036 θεῶν
1136 1993 1253 2045 τινός
1284 1996 1374 2036 Pers
1423 1994 1514 2037 163.
1577 1997 1736 2039 Nuntius

366 2067 409 2106 de
442 2066 575 2115 ‘l'rojae
607 2064 754 2104 excidiis
787 2066 831 2103 ita
864 2065 984 2111 sentit,
1032 2066 1068 2104 ut
1099 2064 1208 2103 dicat:
1253 2062 1322 2103 nni
1354 2060 1477 2117 χάρις
1508 2066 1732 2122 τιμήσεται

437 2223 475 2261 l)
502 2225 624 2264 „Denn
651 2234 689 2255 so
713 2223 818 2265 lange
843 2222 905 2254 das
920 2222 1012 2254 Volk
1025 2223 1137 2265 thatig
1163 2222 1233 2254 und
1245 2223 1379 2265 gesund
1405 2223 1476 2255 und
1491 2225 1604 2256 seiner
1618 2224 1738 2258 Gotter

368 2282 480 2314 sicher
504 2282 574 2312 und
600 2280 676 2312 froh
702 2291 789 2315 war,
816 2290 887 2311 war
913 2279 975 2311 das
1000 2280 1094 2311 Alles
1120 2279 1216 2311 nicht
1240 2279 1451 2321 gefahrlieh‚
1490 2291 1561 2312 war
1585 2281 1639 2313 die
1664 2282 1735 2314 All-

367 2340 691 2382 gemeinstimmung
705 2336 851 2368 einfach.
889 2337 927 2368 In
943 2336 1057 2368 Seheu
1082 2347 1144 2368 vor
1158 2337 1218 2368 der
1233 2336 1474 2369 Unsieherheit
1499 2337 1559 2370 des
1573 2338 1736 2372 Menschff

365 2395 479 2427 lichen
515 2395 746 2427 unterwarfen
783 2395 834 2426 sie
872 2394 946 2425 sich
985 2395 1045 2425 mit
1069 2393 1259 2426 Ehrfureht
1288 2394 1377 2426 auch
1409 2394 1521 2426 dieser
1546 2395 1735 2436 gbttlichen

368 2451 511 2491 Gewast,
537 2454 688 2482 wussten
715 2451 780 2483 den
806 2451 926 2493 Erfolg
952 2453 986 2482 in
1012 2450 1160 2492 Tyche's
1185 2450 1255 2482 und
1281 2451 1343 2482 der
1359 2450 1478 2483 Gotter
1493 2451 1621 2491 Macht,
1647 2451 1737 2484 ohne

369 2507 512 2540 deshalb
538 2519 580 2539 zu
606 2509 841 2550 unterlassen,
871 2519 942 2540 was
974 2508 1098 2540 ihnen
1123 2508 1280 2551 gegeben
1296 2507 1386 2540 war“
1408 2524 1720 2532 —————
1729 2532 1734 2539 .

368 2565 491 2606 Lehrs,
515 2565 682 2606 populare
706 2565 871 2597 Aufs‘zitze
897 2575 974 2608 pag.
1002 2562 1078 2597 160.
