1785 3033
1013 133 1037 171 4

345 242 525 281 Homerus
557 251 702 290 qnoque
734 240 852 288 faciat,
884 249 992 288 quum
1025 248 1071 276 ne
1102 248 1122 276 a
1153 235 1240 276 Jove
1270 235 1414 285 otiidem
1445 236 1610 287 potuisse
1627 245 1709 275 ser-

345 311 416 350 vari
448 309 696 360 Sarpedonem
729 306 810 357 ejus
842 303 954 346 tilium
987 306 1125 355 narret,
1164 306 1321 344 attamen
1355 304 1428 343 tato
1469 315 1539 344 non
1571 307 1709 344 tantum

343 378 480 426 tribuit,
519 378 558 417 ut
586 376 633 417 ad
664 376 697 416 id
729 375 868 424 omnia,
906 384 998 424 quae
1029 375 1137 420 fiant,
1182 372 1250 413 sibi
1284 372 1484 413 revocanda
1515 373 1711 412 existimet:

345 446 377 485 id
410 445 504 495 quod
537 446 583 486 ita
621 455 663 484 se
694 444 826 484 habere
858 443 1042 494 Aeschylo
1081 442 1282 490 ceterisque
1313 441 1459 491 tragicis
1490 451 1709 491 persuasum

344 515 419 554 fuit.
479 513 673 553 Enimvero
704 523 775 561 quo
807 512 887 561 quis
918 512 1037 551 aetate
1069 510 1268 561 provectior
1298 512 1366 558 est,
1398 519 1441 548 eo
1474 508 1604 547 rectius
1626 517 1711 547 cau·

345 593 410 622 sas
442 592 558 621 rerum
591 580 756 631 intelligit
785 581 893 629 atque
923 578 1169 619 antecedentia
1194 577 1324 617 futuris
1346 578 1581 624 connectens,
1612 575 1714 614 simi-

347 650 515 690 litudines
548 659 766 699 comparans
798 648 964 698 repperit,
996 646 1125 696 siquid
1145 647 1216 695 nat,
1250 645 1281 685 id
1316 646 1404 685 sorte
1437 656 1506 684 non
1539 644 1714 693 accidere,

343 718 407 758 sed
443 718 653 758 necessario
687 717 861 765 consequi
894 727 949 765 ea,
981 725 1073 765 quae
1102 716 1209 754 antea
1240 714 1313 753 sint
1336 713 1440 752 facta.
1483 712 1584 759 Quod
1607 713 1716 752 antea

344 786 441 826 falsa
473 786 642 836 opinione
688 785 764 824 sivo,
796 794 886 823 casu
932 786 966 823 et
998 783 1144 823 fortuito
1183 782 1260 820 sive
1298 781 1379 820 sine
1410 782 1506 820 certa
1538 780 1617 831 lege
1648 778 1715 818 sibi

345 854 507 894 accidere
546 854 701 904 putavit,
748 852 780 891 id
812 851 891 902 Jam
931 852 1033 891 aliter
1070 849 1252 899 dijudicat.
1314 848 1480 899 Intelligit
1517 849 1611 887 enim
1643 857 1715 886 non

346 923 451 970 Quasi
483 922 671 979 angustos⁴
706 931 824 960 rernm
857 921 1033 959 terminos
1065 917 1353 959 considerandos
1378 926 1488 967 jesse,
1526 914 1589 954 sed
1623 915 1716 953 tam-

343 1002 451 1041 qnam
484 990 622 1041 majora
652 989 795 1028 illarum
827 988 1013 1028 intervalia
1047 985 1336 1037 contemplanda.
1377 984 1429 1024 Ex
1461 994 1530 1033 quo
1554 983 1718 1032 efficitur,

344 1060 382 1099 ut
414 1059 594 1109 quandam
628 1058 794 1098 fortunae
825 1057 1059 1096 temeritatem
1092 1056 1114 1095 ii
1146 1055 1214 1094 soli
1247 1064 1357 1105 aegre
1390 1054 1523 1100 ierant,
1555 1051 1613 1100 qui
1646 1060 1716 1090 suo

345 1126 490 1165 arbitrio
551 1136 610 1164 res
663 1126 842 1164 humanas
888 1125 1102 1174 divinasque
1158 1123 1347 1162 metiantur
1408 1130 1473 1159 nec
1532 1121 1716 1167 tamquam

345 1194 514 1244 exignum
561 1205 653 1234 suae
691 1193 853 1243 ipsorum
897 1193 987 1232 vitae
1019 1192 1175 1243 spatium
1207 1188 1412 1240 transgredi
1445 1187 1602 1238 possint.
1663 1184 1715 1224 En

345 1262 457 1301 babes
497 1262 609 1311 viam,
662 1271 734 1310 qua
774 1261 897 1300 Graeci
943 1261 986 1300 ad
1035 1271 1154 1299 veram
1201 1257 1424 1309 tragoediam
1467 1254 1718 1306 pervenerunt.

343 1329 434 1369 Nam
480 1329 575 1378 qnod
608 1329 768 1380 singulis
801 1329 936 1376 evenit,
982 1338 1104 1368 nonne
1150 1327 1183 1366 id
1216 1327 1409 1367 universae
1442 1332 1586 1373 quoque
1618 1321 1715 1371 genti

346 1398 487 1436 evenire
517 1407 673 1437 necesse
704 1394 789 1436 est?
822 1397 938 1437 Nemo
969 1406 1060 1435 sane
1093 1395 1305 1441 invenietur,
1335 1393 1417 1442 quin
1451 1390 1557 1430 nobis
1581 1399 1717 1429 assen-

347 1466 469 1514 tiatur,
516 1477 626 1515 quum
669 1465 879 1516 praesertim
912 1466 1049 1504 Graeca
1081 1464 1205 1514 poesis
1243 1459 1454 1512 incredibile
1499 1457 1716 1498 naturalium

348 1536 650 1573 incrementorum
701 1533 905 1584 exemplum
952 1532 1121 1583 praebeat
1176 1540 1292 1580 neone
1337 1528 1450 1568 ullum
1496 1536 1617 1577 genus
1664 1523 1717 1563 vel

347 1613 499 1651 prorsus
532 1603 694 1642 omiserit:
741 1601 795 1640 vel
830 1612 957 1651 parurn
998 1600 1205 1639 excoluerit.
1268 1598 1461 1647 Propterea
1508 1597 1614 1641 sunt,
1659 1592 1717 1642 qni

345 1670 445 1710 band
478 1671 595 1720 inepte
627 1670 732 1709 istam
765 1669 895 1708 seriem
936 1678 1130 1718 generum,
1169 1677 1260 1716 quae
1291 1665 1461 1714 deinceps
1501 1672 1587 1701 sese
1624 1660 1719 1700 exci-

346 1739 462 1788 piant,
508 1749 589 1777 cnm
622 1736 797 1789 gradibus
830 1737 971 1781 aetatis,
1011 1735 1079 1775 noc
1114 1736 1171 1774 est
1202 1734 1392 1781 infantiae,
1437 1729 1720 1775 adolescentiae,

346 1807 476 1845 aetatis
509 1806 618 1844 virilis
651 1805 957 1854 comparaverint:
1002 1807 1041 1843 nt
1071 1802 1150 1853 Jain
1193 1812 1237 1842 ne
1268 1800 1355 1841 illud
1387 1798 1529 1849 quidem
1561 1795 1721 1837 absurde

349 1874 576 1923 praeceptum
611 1872 782 1918 videatur,
817 1871 911 1921 quod
944 1871 1087 1920 quidam
1120 1870 1253 1917 dixere,
1284 1872 1368 1907 ante
1384 1868 1544 1916 quintum
1562 1865 1719 1904 lustrum

348 1944 530 1991 peractum
588 1939 630 1979 ad
678 1939 900 1990 tragoediam
949 1940 1043 1978 certe
1088 1936 1312 1977 condendam
1367 1934 1498 1974 nemini
1544 1931 1720 1972 acceden-

348 2009 431 2049 dum
465 2019 563 2047 esse.
763 2004 771 2018 ¹
999 1992 1003 2000 ¹

462 2076 561 2115 Dicet
593 2076 752 2115 fortasse
784 2076 984 2126 quispiam:
1030 2073 1123 2113 credi
1158 2073 1212 2112 vix
1244 2071 1383 2122 potest,
1420 2070 1555 2108 tantam
1588 2068 1719 2107 babere

349 2145 415 2183 vim
449 2144 508 2183 sati
541 2144 724 2183 notionem
758 2144 791 2183 in
824 2143 982 2194 tragicae
1012 2142 1100 2181 artis
1140 2144 1173 2179 et
1204 2138 1435 2178 incunabulis
1467 2138 1500 2176 et
1531 2137 1719 2187 proventu,

348 2222 456 2262 quum
476 2210 690 2268 Aristoteles
723 2211 991 2262 opportunitate
1022 2208 1132 2259 lnijns
1171 2208 1238 2247 loci
1265 2203 1537 2263 demonstrandi
1569 2202 1653 2242 data
1685 2202 1717 2240 in

307 2276 313 2281 “
349 2282 423 2319 arte
455 2280 594 2330 poetica
625 2279 734 2329 plane
765 2279 808 2318 de
842 2279 914 2318 sato
945 2279 1072 2317 taceat.
1134 2278 1177 2315 At
1208 2275 1353 2315 hercule
1386 2274 1490 2312 istam
1525 2271 1719 2311 dubitatio-

351 2358 429 2386 nem
462 2348 506 2387 ad
539 2347 735 2386 tollendam
769 2355 905 2385 causae
936 2346 1081 2395 praesto
1128 2347 1213 2383 sunt
1258 2343 1352 2382 band
1400 2341 1490 2381 levis
1536 2339 1720 2388 momenti,

349 2416 500 2466 primum
534 2415 629 2464 quod
661 2413 815 2454 multum
847 2413 963 2461 abest,
996 2415 1033 2452 nt
1064 2412 1123 2451 ille
1155 2411 1241 2451 liber
1273 2421 1337 2461 pro
1369 2410 1509 2460 integro
1528 2407 1719 2448 habendus

349 2483 414 2533 sit,
446 2483 574 2523 deinde
605 2482 699 2532 quod
732 2482 776 2521 de
807 2481 881 2521 fato
913 2481 1098 2531 disputare
1128 2480 1232 2520 etiam
1256 2479 1414 2519 alienum
1443 2478 1560 2517 fnisse
1584 2475 1721 2516 videtur

350 2550 393 2589 ab
426 2561 468 2590 ea
498 2550 773 2599 dissertatione,
818 2560 910 2599 onae
941 2550 1015 2589 tota
1054 2558 1167 2599 paene
1200 2548 1364 2587 versatur
1403 2546 1436 2585 in
1470 2545 1584 2584 torma
1615 2553 1720 2584 verae
