1748 3043
709 126 734 165 9

41 234 192 272 necatus
224 231 272 271 sit
303 232 574 283 Agamemnon,
610 242 680 272 suo
703 229 788 281 ‚jure
821 232 1019 284 Aegisthus
1051 232 1152 273 dicit:
1199 227 1314 284 κάγώ
1348 228 1409 271 ὀί-

40 314 163 348 καιος
193 299 320 341 τοῦδε
352 300 424 340 τοῦ
457 295 598 355 φόνοι)
629 296 798 355 ῥαφεύς
836 300 915 340 ibid.
953 299 1070 341 1572.
1132 300 1203 340 Sed
1239 300 1409 339 ultionem

40 367 171 418 pariter
200 368 246 407 (lii
277 368 382 417 daut,
421 379 530 418 quare
562 369 695 408 chorus
728 369 761 408 iu
795 369 886 408 votis
919 368 1044 417 habet,
1078 370 1114 409 ut
1146 370 1296 408 Orestes
1328 379 1408 407 cum

38 480 140 512 quam
155 481 196 503 ea
209 481 251 503 ne
266 471 376 503 obiter
395 470 530 512 quidem
547 470 688 502 chorum
704 471 853 513 attingit,
874 475 988 502 tamen
1015 481 1118 512 quum
1135 470 1259 502 chorus
1275 474 1410 512 tragoe-

39 527 117 560 diae
142 528 186 560 sit
210 538 300 570 pars,
327 525 401 569 ejus
427 527 534 568 ipsius
561 527 641 568 quid
666 527 710 559 sit
728 529 915 569 proprium,
940 527 999 559 illa
1014 527 1168 560 definitio
1182 527 1410 570 amplectatur

40 595 183 617 necesse
207 587 269 617 est.
296 584 324 615 si
350 583 486 625 quidem
509 594 576 616 non
593 587 688 616 caret
712 594 753 616 ea
766 584 966 624 subtilitate,
993 594 1060 626 qua
1074 585 1277 618 Aristoteles
1292 594 1411 617 omnes

39 644 180 684 superat
205 641 354 673 criticos.
404 640 472 673 Sed
505 642 535 673 ei
567 640 756 673 definitioni
793 652 881 683 quae
908 642 1079 674 sententia
1110 642 1153 673 sit
1185 640 1410 683 subjicienda,

39 699 67 731 si
91 698 373 737 intellexerimus,
387 708 455 730 non
471 697 716 738 dubitabimus,
741 699 822 740 quin
838 709 905 730 uno
923 699 1039 738 verbo,
1067 699 1158 741 quod
1180 701 1234 730 est
1245 699 1410 740 μίμησις,

39 756 123 788 satis
149 754 361 798 significetur
386 754 481 786 chori
509 764 645 796 quoque
671 756 722 787 vis
755 765 798 787 ac
823 760 957 789 natura.
1007 757 1165 788 Imitatur
1190 756 1279 787 enim
1307 756 1409 796 poeta

38 813 192 855 tragicus
218 812 387 844 actionem
413 812 577 854 aliquam,
604 822 704 854 quam
732 823 887 845 severam
913 824 988 845 csse
1014 817 1166 855 oportet,
1205 814 1253 845 ita
1278 816 1317 844 ut
1341 822 1408 844 non

38 873 177 902 enarret
200 869 282 911 quid
308 869 353 901 sit
377 868 517 908 factum,
543 869 603 901 sed
630 873 803 912 tamquam
824 876 1023 912 praesentes
1049 870 1192 912 effingat
1215 870 1309 911 ipsas
1334 879 1408 911 per-

38 936 152 959 sonas.
187 928 265 966 Qua
289 936 330 957 ex
355 936 392 957 re
417 927 581 968 sequitur,
607 930 644 958 ut
664 927 729 959 sibi
743 927 996 969 quodammodo
1023 929 1097 970 ipse
1122 929 1299 966 temperet,
1325 936 1408 967 quo-

37 984 150 1016 minus
177 982 395 1023 suam-dicat
419 984 635 1016 sententiam.
681 984 785 1026 Atqui
811 985 936 1017 chorus
961 985 1162 1027 praesertim
1189 984 1246 1025 qui
1272 992 1409 1024 compo-

41 1040 129 1072 situs
155 1040 199 1072 sit
223 1042 257 1071 et
279 1039 416 1072 feminis
447 1044 481 1072 et
506 1042 669 1073 comitatu
701 1044 761 1074 aut
785 1052 902 1084 regum
936 1046 996 1074 aut
1020 1041 1163 1073 heroum
1188 1039 1408 1083 quamobrem

36 1097 184 1140 legibus,
210 1097 244 1128 in
272 1096 396 1138 quibus
421 1100 516 1129 recta
542 1098 586 1130 sit
609 1099 722 1139 posita
745 1099 906 1137 imitatio,
933 1099 1067 1131 solutus
1093 1099 1155 1138 sit,
1187 1097 1281 1129 nullo
1307 1100 1409 1139 pacto

37 1158 151 1197 potest
186 1153 345 1196 intelligi.
417 1153 538 1196 Itaque
576 1154 819 1187 efficacissima
855 1156 899 1187 ad
938 1155 1160 1196 delectandos
1198 1157 1409 1197 spectatores

36 1212 188 1255 μίμησις
215 1221 371 1254 quaeque
396 1221 500 1253 quum
526 1212 664 1243 minime
688 1212 874 1244 abhorreat
899 1211 1052 1253 (Aristot.
1079 1223 1100 1244 a
1135 1223 1168 1254 p.
1192 1222 1221 1244 c.
1251 1211 1279 1251 l,
1304 1209 1336 1251 2,
1362 1208 1410 1250 3.)

39 1279 60 1300 a
84 1279 195 1301 rerum
222 1271 364 1308 natura,
400 1269 428 1299 si
454 1267 579 1300 chorus
604 1269 819 1311 praeciperet
844 1269 1097 1312 quodammodo
1124 1279 1182 1302 eas
1210 1268 1408 1306 sententias,

37 1335 126 1368 quae
159 1326 266 1358 insint
299 1326 336 1356 in
359 1325 542 1367 tragoedia
572 1328 747 1367 tamquam
773 1323 910 1359 velatae
947 1330 980 1358 et
1017 1327 1210 1368 dispersae,
1247 1334 1406 1356 verarum

36 1392 150 1414 rerum
171 1383 327 1425 μίμησιν
353 1382 498 1415 tolleret.
529 1382 609 1414 Huc
634 1382 778 1423 accedit,
805 1384 897 1425 quod
922 1383 1091 1425 ejusmodi
1117 1392 1250 1424 semper
1275 1382 1409 1423 tragica

35 1449 93 1471 ars
117 1438 271 1479 videtur,
310 1441 348 1470 ut
371 1442 586 1481 spectatores
619 1439 726 1472 multo
756 1441 1042 1483 intelligentiores
1079 1441 1114 1472 in
1148 1439 1295 1472 actionis
1327 1449 1406 1470 con—

36 1507 125 1528 nexu
151 1495 235 1528 fiant
259 1505 361 1537 quam
399 1498 432 1527 et
456 1506 624 1537 personae
664 1499 697 1528 et
721 1497 858 1530 chorus.
907 1498 948 1530 In
974 1508 1042 1540 quo
1068 1500 1230 1539 quantam
1257 1496 1410 1528 habeant

35 1553 106 1585 vim
130 1554 254 1595 poetae
281 1552 325 1583 ad
351 1553 483 1584 animos
509 1556 711 1595 mentesque
736 1558 873 1586 nostras
905 1558 938 1586 et
963 1555 1145 1597 erigendas
1177 1557 1210 1586 et
1235 1553 1407 1585 delectan-

36 1609 110 1650 das,
133 1608 275 1651 longum
300 1612 354 1641 est
376 1609 442 1641 hoc
467 1609 543 1641 loco
570 1610 695 1642 dicere.
723 1610 944 1654 (Proptereas
957 1616 1029 1651 unt,
1045 1608 1126 1654 qui,
1152 1614 1191 1643 ut
1211 1610 1409 1652 Antigonae

37 1666 172 1708 culpam
199 1665 483 1705 demonstrarent,
508 1677 615 1709 prave
640 1667 847 1709 quibusdam
873 1669 969 1700 chori
983 1668 1162 1701 sententiis
1188 1668 1241 1699 usi
1266 1667 1345 1706 sint,
1371 1670 1409 1699 ut

36 1722 151 1765 Antig.
167 1719 246 1759 604,
273 1720 352 1755 855.
399 1723 632 1756 Aesimiliter
657 1724 701 1755 ad
726 1724 772 1763 id,
798 1726 832 1756 ni
857 1725 970 1765 fallor,
998 1725 1093 1757 chori
1107 1725 1289 1762 canticum,
1316 1723 1408 1766 quod

41 1779 84 1811 de
108 1779 344 1811 imbecillitate
369 1780 564 1812 mortalium
590 1783 653 1820 est,
677 1781 791 1813 Prom.
818 1780 886 1814 528
911 1793 959 1823 sq.
987 1785 1154 1824 spectant,
1181 1791 1270 1824 quae
1292 1781 1407 1823 impri-

36 1836 101 1868 mis
126 1846 148 1868 a
172 1835 413 1868 Schoemanno
440 1837 488 1874 (in
514 1837 791 1870 diss,Vindiciae
816 1839 916 1870 Jovis
938 1838 1134 1880 Aeschylei,
1158 1838 1271 1870 indeX.
1298 1837 1408 1870 schol.

33 1893 68 1924 in
95 1893 241 1927 univers.
268 1893 316 1926 lit.
331 1894 644 1936 Gryphisvaldensi
661 1892 803 1937 18¹‘¹l,7)
829 1895 871 1927 de
884 1895 1081 1927 Promethei
1101 1896 1276 1937 impietate
1290 1895 1405 1937 dispu-

35 1952 107 1982 tata
132 1953 227 1990 suntg
264 1951 365 1992 quasi
391 1961 479 1992 quae
505 1950 700 1983 Oceanides
727 1951 981 1993 simplicissime
1006 1951 1042 1982 in
1067 1963 1239 1984 summum
1264 1952 1405 1984 deorum

34 2007 113 2039 illae
138 2007 275 2049 quidem
303 2017 437 2039 omnem
461 2008 719 2040 venerationem
745 2008 959 2040 conferentes
984 2018 1080 2041 more
1101 2009 1300 2041 mortalium
1325 2019 1406 2040 con-

35 2063 210 2096 fabulatae
235 2067 329 2105 sunt,
354 2065 396 2096 iis
420 2064 529 2106 ipsius
553 2066 676 2106 poetae
701 2065 743 2097 de
757 2064 955 2096 Promethei
973 2065 1127 2096 moribus
1149 2066 1354 2097 sententiam
1371 2066 1406 2097 in

36 2120 183 2152 medium
201 2120 371 2162 prolatam
386 2132 462 2153 esse
475 2122 695 2163 liqueret—J
713 2121 755 2153 cf.
770 2121 907 2153 Griech.
925 2121 1141 2154 Gotterlehre
1153 2133 1175 2153 v
1202 2122 1242 2155 F.
1257 2122 1298 2154 G.
1313 2122 1406 2154 Wel-

35 2177 118 2209 cker
140 2177 176 2209 11
199 2189 280 2220 pag.
305 2176 372 2211 273
398 2189 449 2220 sq.
499 2178 633 2210 Deinde
657 2179 793 2218 nescio,
820 2178 993 2220 quomodo
1020 2189 1135 2210 secum
1161 2179 1235 2220 ipse
1260 2188 1405 2211 consen-

35 2233 98 2265 tiat
120 2233 312 2273 Bluemner,
339 2235 532 2266 contrarias
559 2236 748 2267 sententias
774 2235 922 2267 afferens
948 2235 1010 2267 has
1030 2246 1061 2277 p.
1081 2233 1164 2268 137:
1190 2234 1404 2277 „Aeschylos

34 2290 245 2322 namentlich
271 2309 313 2314 —
343 2309 378 2312 —
408 2310 445 2313 —
474 2292 535 2324 hat
559 2292 613 2324 die
633 2292 845 2335 Ereignisse,
872 2293 925 2324 die
951 2303 987 2324 er
1011 2293 1046 2323 in
1073 2293 1191 2324 seinen
1206 2292 1405 2335 Tragodien

35 2347 208 2388 darstellt‚
238 2348 374 2380 anezeir,
398 2358 441 2379 an
467 2352 572 2380 etwas
597 2348 755 2381 Hoheres
781 2350 968 2392 gekniipft,
1005 2350 1053 2381 sei
1089 2349 1160 2381 dies
1185 2360 1257 2381 nun
1280 2350 1404 2390 Moira,

35 2403 118 2436 oder
143 2403 255 2436 Moira
280 2404 350 2437 und
370 2405 472 2445 Zeus,-
496 2405 644 2437 welches
670 2405 813 2438 n'iemals
839 2417 1013 2448 grausam,
1041 2406 1208 2445 neidisch,
1236 2406 1403 2438 schaden-

32 2461 111 2493 froh
136 2461 308 2493 erscheint
332 2476 648 2485 —————
675 2462 823 2494 sondern
850 2463 1001 2494 erhaben
1028 2463 1098 2494 und
1123 2461 1297 2504 gerecht“,
1324 2473 1404 2495 con-

36 2520 90 2549 tra
114 2528 193 2559 pag.
224 2515 304 2549 150:
342 2517 455 2549 Wenn
481 2519 535 2550 die
560 2519 661 2551 Alten
689 2537 730 2543 ·--
758 2529 827 2550 von
850 2520 1003 2551 innerem
1030 2519 1254 2551 Bediirfnisse
1279 2521 1403 2562 gettie-

37 2573 103 2607 ben
130 2591 164 2596 —
196 2574 248 2606 ihr
272 2574 403 2606 Dasein
439 2585 485 2607 an
511 2578 616 2607 etwas
645 2576 928 2608 Ueberirdisches
966 2587 1008 2608 zu
1039 2576 1192 2618 kniipfen
1230 2577 1301 2609 und
1333 2577 1403 2610 ihm
