<?xml version="1.0" encoding="UTF-8"?>
<!DOCTYPE html PUBLIC "-//W3C//DTD XHTML 1.0 Transitional//EN"
    "http://www.w3.org/TR/xhtml1/DTD/xhtml1-transitional.dtd">
<html xmlns="http://www.w3.org/1999/xhtml" xml:lang="en" lang="en">
 <head>
  <title>
</title>
<meta http-equiv="Content-Type" content="text/html;charset=utf-8" />
  <meta name='ocr-system' content='tesseract 3.04.00' />
  <meta name='ocr-capabilities' content='ocr_page ocr_carea ocr_par ocr_line ocrx_word'/>
</head>
<body>
  <div class='ocr_page' id='page_1' title='image "./defatoaeschyleo00junguoft_0033.png"; bbox 0 0 1743 3012; ppageno 0'>
   <div class='ocr_carea' id='block_1_1' title="bbox 711 101 757 135">
    <p class='ocr_par' dir='ltr' id='par_1_1' title="bbox 711 101 757 135">
     <span class='ocr_line' id='line_1_1' title="bbox 711 101 757 135; baseline 0 -17"><span class='ocrx_word' id='word_1_1' title='bbox 711 102 732 125; x_wconf 75' lang='lat'>.)</span> <span class='ocrx_word' id='word_1_2' title='bbox 739 101 757 135; x_wconf 57' lang='grc' dir='ltr'>ι’)</span> 
     </span>
    </p>
   </div>
   <div class='ocr_carea' id='block_1_2' title="bbox 711 126 742 137">
    <p class='ocr_par' dir='ltr' id='par_1_2' title="bbox 711 126 742 137">
     <span class='ocr_line' id='line_1_2' title="bbox 711 126 742 137; baseline 0 -3"><span class='ocrx_word' id='word_1_3' title='bbox 711 126 742 137; x_wconf 70' lang='grc' dir='ltr'>..μ</span> 
     </span>
    </p>
   </div>
   <div class='ocr_carea' id='block_1_3' title="bbox 0 204 1419 257">
    <p class='ocr_par' dir='ltr' id='par_1_3' title="bbox 0 204 1419 257">
     <span class='ocr_line' id='line_1_3' title="bbox 0 204 1419 257; baseline -0.003 -9"><span class='ocrx_word' id='word_1_4' title='bbox 0 211 1 238; x_wconf 68' lang='lat' dir='ltr'>l</span> <span class='ocrx_word' id='word_1_5' title='bbox 51 210 178 248; x_wconf 71' lang='lat' dir='ltr'>«lutura</span> <span class='ocrx_word' id='word_1_6' title='bbox 211 218 296 246; x_wconf 85' lang='lat' dir='ltr'>sese</span> <span class='ocrx_word' id='word_1_7' title='bbox 328 208 498 257; x_wconf 70' lang='lat' dir='ltr'>gerentes</span> <span class='ocrx_word' id='word_1_8' title='bbox 544 207 652 254; x_wconf 83' lang='lat' dir='ltr'>atque</span> <span class='ocrx_word' id='word_1_9' title='bbox 697 206 730 244; x_wconf 89' lang='lat' dir='ltr'>in</span> <span class='ocrx_word' id='word_1_10' title='bbox 771 216 840 244; x_wconf 87' lang='lat' dir='ltr'>sua</span> <span class='ocrx_word' id='word_1_11' title='bbox 879 204 1022 244; x_wconf 80' lang='lat' dir='ltr'>libidine</span> <span class='ocrx_word' id='word_1_12' title='bbox 1054 205 1299 244; x_wconf 83' lang='lat' dir='ltr'>inconsultius</span> <span class='ocrx_word' id='word_1_13' title='bbox 1339 216 1419 255; x_wconf 85' lang='lat' dir='ltr'>per-</span> 
     </span>
    </p>
   </div>
   <div class='ocr_carea' id='block_1_4' title="bbox 0 271 1422 322">
    <p class='ocr_par' dir='ltr' id='par_1_4' title="bbox 0 271 1422 322">
     <span class='ocr_line' id='line_1_4' title="bbox 0 271 1422 322; baseline -0.002 -7"><span class='ocrx_word' id='word_1_14' title='bbox 0 283 1 297; x_wconf 65' lang='lat'><strong>³</strong></span> <span class='ocrx_word' id='word_1_15' title='bbox 51 276 230 315; x_wconf 73' lang='lat' dir='ltr'>sistentes</span> <span class='ocrx_word' id='word_1_16' title='bbox 263 275 346 314; x_wconf 85' lang='lat' dir='ltr'>t&#39;acit</span> <span class='ocrx_word' id='word_1_17' title='bbox 370 274 412 321; x_wconf 86' lang='lat'>¹).</span> <span class='ocrx_word' id='word_1_18' title='bbox 474 271 596 320; x_wconf 71' lang='lat' dir='ltr'>Quid?</span> <span class='ocrx_word' id='word_1_19' title='bbox 643 273 738 322; x_wconf 89' lang='lat' dir='ltr'>quod</span> <span class='ocrx_word' id='word_1_20' title='bbox 776 272 936 322; x_wconf 65' lang='lat' dir='ltr'>,luppiter</span> <span class='ocrx_word' id='word_1_21' title='bbox 981 272 1014 311; x_wconf 86' lang='lat' dir='ltr'>iu</span> <span class='ocrx_word' id='word_1_22' title='bbox 1046 271 1301 312; x_wconf 79' lang='lat' dir='ltr'><strong>Prometheum</strong></span> <span class='ocrx_word' id='word_1_23' title='bbox 1340 285 1422 312; x_wconf 87' lang='lat' dir='ltr'>cru·</span> 
     </span>
    </p>
   </div>
   <div class='ocr_carea' id='block_1_5' title="bbox 48 339 1430 1544">
    <p class='ocr_par' dir='ltr' id='par_1_5' title="bbox 48 339 1430 1544">
     <span class='ocr_line' id='line_1_5' title="bbox 50 339 1423 391; baseline -0.002 -9"><span class='ocrx_word' id='word_1_24' title='bbox 50 343 176 382; x_wconf 89' lang='lat' dir='ltr'>deliter</span> <span class='ocrx_word' id='word_1_25' title='bbox 206 339 423 382; x_wconf 62' lang='lat' dir='ltr'>consuluit?</span> <span class='ocrx_word' id='word_1_26' title='bbox 469 340 572 390; x_wconf 88' lang='lat' dir='ltr'>quid,</span> <span class='ocrx_word' id='word_1_27' title='bbox 613 340 708 389; x_wconf 78' lang='lat' dir='ltr'>(pind</span> <span class='ocrx_word' id='word_1_28' title='bbox 742 341 876 390; x_wconf 85' lang='lat' dir='ltr'>ell&#39;ecit,</span> <span class='ocrx_word' id='word_1_29' title='bbox 915 342 953 380; x_wconf 90' lang='lat' dir='ltr'>ut</span> <span class='ocrx_word' id='word_1_30' title='bbox 981 340 1024 379; x_wconf 78' lang='lat' dir='ltr'>Jo</span> <span class='ocrx_word' id='word_1_31' title='bbox 1054 351 1077 380; x_wconf 90' lang='lat' dir='ltr'>a</span> <span class='ocrx_word' id='word_1_32' title='bbox 1107 340 1248 380; x_wconf 82' lang='lat' dir='ltr'>lunone</span> <span class='ocrx_word' id='word_1_33' title='bbox 1279 342 1423 391; x_wconf 88' lang='lat' dir='ltr'>propter</span> 
     </span>
     <span class='ocr_line' id='line_1_6' title="bbox 49 406 1423 458; baseline -0.001 -9"><span class='ocrx_word' id='word_1_34' title='bbox 49 410 208 449; x_wconf 87' lang='lat' dir='ltr'>alienum</span> <span class='ocrx_word' id='word_1_35' title='bbox 240 420 400 449; x_wconf 85' lang='lat' dir='ltr'>ainorem</span> <span class='ocrx_word' id='word_1_36' title='bbox 433 409 587 448; x_wconf 80' lang='lat' dir='ltr'>sollicita</span> <span class='ocrx_word' id='word_1_37' title='bbox 619 406 838 448; x_wconf 71' lang='lat' dir='ltr'>vexaretur?</span> <span class='ocrx_word' id='word_1_38' title='bbox 899 408 1182 448; x_wconf 87' lang='lat' dir='ltr'>Assentieudum</span> <span class='ocrx_word' id='word_1_39' title='bbox 1222 409 1328 458; x_wconf 72' lang='lat' dir='ltr'>igitur</span> <span class='ocrx_word' id='word_1_40' title='bbox 1365 411 1423 447; x_wconf 89' lang='lat' dir='ltr'>est</span> 
     </span>
     <span class='ocr_line' id='line_1_7' title="bbox 50 476 1423 528; baseline -0.001 -13"><span class='ocrx_word' id='word_1_41' title='bbox 50 480 91 517; x_wconf 84' lang='grc' dir='ltr'>(ι’.</span> <span class='ocrx_word' id='word_1_42' title='bbox 124 478 332 518; x_wconf 78' lang='lat' dir='ltr'>Hermanno</span> <span class='ocrx_word' id='word_1_43' title='bbox 364 480 411 516; x_wconf 89' lang='lat' dir='ltr'>ita</span> <span class='ocrx_word' id='word_1_44' title='bbox 441 476 638 527; x_wconf 87' lang='lat' dir='ltr'>disputanti</span> <span class='ocrx_word' id='word_1_45' title='bbox 677 478 802 516; x_wconf 85' lang='lat' dir='ltr'>contra</span> <span class='ocrx_word' id='word_1_46' title='bbox 832 476 1049 516; x_wconf 72' lang='lat' dir='ltr'>defensores</span> <span class='ocrx_word' id='word_1_47' title='bbox 1079 476 1180 516; x_wconf 69' lang='lat' dir='ltr'>,lovis</span> <span class='ocrx_word' id='word_1_48' title='bbox 1212 476 1423 528; x_wconf 80' lang='lat' dir='ltr'>Aeschylei:</span> 
     </span>
     <span class='ocr_line' id='line_1_8' title="bbox 50 543 1423 595; baseline -0.001 -11"><span class='ocrx_word' id='word_1_49' title='bbox 50 545 161 585; x_wconf 92' lang='lat' dir='ltr'>hnmo</span> <span class='ocrx_word' id='word_1_50' title='bbox 191 545 277 585; x_wconf 91' lang='lat' dir='ltr'>illud</span> <span class='ocrx_word' id='word_1_51' title='bbox 309 543 667 595; x_wconf 75' lang='lat' dir='ltr'>adruirari&#39;oportet‚</span> <span class='ocrx_word' id='word_1_52' title='bbox 713 543 808 593; x_wconf 85' lang='lat' dir='ltr'>quod</span> <span class='ocrx_word' id='word_1_53' title='bbox 848 555 959 593; x_wconf 86' lang='lat' dir='ltr'>quum</span> <span class='ocrx_word' id='word_1_54' title='bbox 999 543 1043 582; x_wconf 89' lang='lat' dir='ltr'>de</span> <span class='ocrx_word' id='word_1_55' title='bbox 1074 543 1234 594; x_wconf 77' lang='lat' dir='ltr'>singulis</span> <span class='ocrx_word' id='word_1_56' title='bbox 1265 544 1335 582; x_wconf 89' lang='lat' dir='ltr'>diis</span> <span class='ocrx_word' id='word_1_57' title='bbox 1367 544 1423 583; x_wconf 90' lang='lat' dir='ltr'>iu·</span> 
     </span>
     <span class='ocr_line' id='line_1_9' title="bbox 48 611 1424 662; baseline 0 -12"><span class='ocrx_word' id='word_1_58' title='bbox 48 611 266 662; x_wconf 82' lang='lat' dir='ltr'>dignissima</span> <span class='ocrx_word' id='word_1_59' title='bbox 297 622 461 661; x_wconf 89' lang='lat' dir='ltr'>quaeque</span> <span class='ocrx_word' id='word_1_60' title='bbox 491 611 697 661; x_wconf 80' lang='lat' dir='ltr'>crederent,</span> <span class='ocrx_word' id='word_1_61' title='bbox 747 615 866 651; x_wconf 89' lang='lat' dir='ltr'>tamen</span> <span class='ocrx_word' id='word_1_62' title='bbox 916 611 973 651; x_wconf 86' lang='lat' dir='ltr'>nbi</span> <span class='ocrx_word' id='word_1_63' title='bbox 1021 612 1101 650; x_wconf 88' lang='lat' dir='ltr'>sine</span> <span class='ocrx_word' id='word_1_64' title='bbox 1138 614 1236 650; x_wconf 86' lang='lat' dir='ltr'>certo</span> <span class='ocrx_word' id='word_1_65' title='bbox 1276 611 1424 651; x_wconf 89' lang='lat' dir='ltr'>numine</span> 
     </span>
     <span class='ocr_line' id='line_1_10' title="bbox 48 678 1422 739; baseline -0.001 -20"><span class='ocrx_word' id='word_1_66' title='bbox 48 679 163 739; x_wconf 77' lang='lat' dir='ltr'>Deum</span> <span class='ocrx_word' id='word_1_67' title='bbox 195 679 380 729; x_wconf 84' lang='lat' dir='ltr'>dicebaut,</span> <span class='ocrx_word' id='word_1_68' title='bbox 426 680 620 719; x_wconf 89' lang='lat' dir='ltr'>immunem</span> <span class='ocrx_word' id='word_1_69' title='bbox 659 679 705 719; x_wconf 89' lang='lat' dir='ltr'>ab</span> <span class='ocrx_word' id='word_1_70' title='bbox 736 679 833 719; x_wconf 92' lang='lat' dir='ltr'>omui</span> <span class='ocrx_word' id='word_1_71' title='bbox 868 678 950 718; x_wconf 89' lang='lat' dir='ltr'>vitio</span> <span class='ocrx_word' id='word_1_72' title='bbox 980 690 1198 729; x_wconf 87' lang='lat' dir='ltr'>summaque</span> <span class='ocrx_word' id='word_1_73' title='bbox 1229 680 1422 719; x_wconf 76' lang='lat' dir='ltr'>sanctitate</span> 
     </span>
     <span class='ocr_line' id='line_1_11' title="bbox 49 747 1425 799; baseline 0 -13"><span class='ocrx_word' id='word_1_74' title='bbox 49 747 248 797; x_wconf 89' lang='lat' dir='ltr'>praeditum</span> <span class='ocrx_word' id='word_1_75' title='bbox 281 747 541 799; x_wconf 79' lang='lat' dir='ltr'>intelligebant.</span> <span class='ocrx_word' id='word_1_76' title='bbox 588 747 687 787; x_wconf 82' lang='lat' dir='ltr'>lllam</span> <span class='ocrx_word' id='word_1_77' title='bbox 711 748 819 798; x_wconf 78' lang='lat' dir='ltr'>igitur</span> <span class='ocrx_word' id='word_1_78' title='bbox 841 747 942 787; x_wconf 86' lang='lat' dir='ltr'>Jovis</span> <span class='ocrx_word' id='word_1_79' title='bbox 967 747 1153 787; x_wconf 87' lang='lat' dir='ltr'>saevitiam</span> <span class='ocrx_word' id='word_1_80' title='bbox 1182 750 1219 786; x_wconf 89' lang='lat' dir='ltr'>ut</span> <span class='ocrx_word' id='word_1_81' title='bbox 1248 750 1425 787; x_wconf 82' lang='lat' dir='ltr'>excusent</span> 
     </span>
     <span class='ocr_line' id='line_1_12' title="bbox 49 813 1424 866; baseline 0 -12"><span class='ocrx_word' id='word_1_82' title='bbox 49 815 266 855; x_wconf 72' lang='lat' dir='ltr'>defensores</span> <span class='ocrx_word' id='word_1_83' title='bbox 298 815 503 866; x_wconf 63' lang='lat' dir='ltr'>Tillogiae,</span> <span class='ocrx_word' id='word_1_84' title='bbox 551 816 586 855; x_wconf 88' lang='lat' dir='ltr'>et</span> <span class='ocrx_word' id='word_1_85' title='bbox 607 813 693 864; x_wconf 83' lang='lat' dir='ltr'>jure</span> <span class='ocrx_word' id='word_1_86' title='bbox 724 815 888 865; x_wconf 87' lang='lat' dir='ltr'>punitum</span> <span class='ocrx_word' id='word_1_87' title='bbox 928 815 1053 855; x_wconf 73' lang='lat' dir='ltr'>volunt</span> <span class='ocrx_word' id='word_1_88' title='bbox 1082 814 1336 854; x_wconf 77' lang='lat' dir='ltr'>Prometheum</span> <span class='ocrx_word' id='word_1_89' title='bbox 1370 837 1424 844; x_wconf 91' lang='lat'>-—</span> 
     </span>
     <span class='ocr_line' id='line_1_13' title="bbox 51 883 1427 933; baseline -0.001 -11"><span class='ocrx_word' id='word_1_90' title='bbox 51 887 85 923; x_wconf 90' lang='lat' dir='ltr'>et</span> <span class='ocrx_word' id='word_1_91' title='bbox 131 883 164 922; x_wconf 93' lang='lat' dir='ltr'>iu</span> <span class='ocrx_word' id='word_1_92' title='bbox 205 888 381 933; x_wconf 88' lang='lat' dir='ltr'>sequente</span> <span class='ocrx_word' id='word_1_93' title='bbox 420 883 543 923; x_wconf 79' lang='lat' dir='ltr'>sabula</span> <span class='ocrx_word' id='word_1_94' title='bbox 580 883 812 923; x_wconf 81' lang='lat' dir='ltr'>reconciliato</span> <span class='ocrx_word' id='word_1_95' title='bbox 842 883 930 923; x_wconf 83' lang='lat' dir='ltr'>Jove</span> <span class='ocrx_word' id='word_1_96' title='bbox 971 883 1170 923; x_wconf 85' lang='lat' dir='ltr'>restitutam</span> <span class='ocrx_word' id='word_1_97' title='bbox 1209 883 1427 923; x_wconf 82' lang='lat' dir='ltr'>arbitrantur</span> 
     </span>
     <span class='ocr_line' id='line_1_14' title="bbox 51 950 1428 1002; baseline -0.001 -12"><span class='ocrx_word' id='word_1_98' title='bbox 51 951 209 991; x_wconf 74' lang='lat' dir='ltr'>divinam</span> <span class='ocrx_word' id='word_1_99' title='bbox 233 950 426 1001; x_wconf 86' lang='lat' dir='ltr'>justitiam.</span> <span class='ocrx_word' id='word_1_100' title='bbox 480 950 560 998; x_wconf 84' lang='lat' dir='ltr'>Quo</span> <span class='ocrx_word' id='word_1_101' title='bbox 592 951 738 991; x_wconf 86' lang='lat' dir='ltr'>inveuto</span> <span class='ocrx_word' id='word_1_102' title='bbox 770 961 894 991; x_wconf 82' lang='lat' dir='ltr'>vereor</span> <span class='ocrx_word' id='word_1_103' title='bbox 926 962 972 991; x_wconf 88' lang='lat' dir='ltr'>ne</span> <span class='ocrx_word' id='word_1_104' title='bbox 1006 961 1079 991; x_wconf 93' lang='lat' dir='ltr'>non</span> <span class='ocrx_word' id='word_1_105' title='bbox 1108 951 1241 1002; x_wconf 90' lang='lat' dir='ltr'>optime</span> <span class='ocrx_word' id='word_1_106' title='bbox 1265 951 1428 1002; x_wconf 77' lang='lat' dir='ltr'>dignitati</span> 
     </span>
     <span class='ocr_line' id='line_1_15' title="bbox 50 1018 1428 1070; baseline -0.001 -12"><span class='ocrx_word' id='word_1_107' title='bbox 50 1018 304 1059; x_wconf 85' lang='lat' dir='ltr'>consuluerint</span> <span class='ocrx_word' id='word_1_108' title='bbox 335 1020 495 1069; x_wconf 77' lang='lat' dir='ltr'>supremi</span> <span class='ocrx_word' id='word_1_109' title='bbox 528 1019 691 1069; x_wconf 88' lang='lat' dir='ltr'>deorum,</span> <span class='ocrx_word' id='word_1_110' title='bbox 723 1030 831 1069; x_wconf 90' lang='lat' dir='ltr'>quem</span> <span class='ocrx_word' id='word_1_111' title='bbox 862 1019 1033 1059; x_wconf 82' lang='lat' dir='ltr'>decuerat</span> <span class='ocrx_word' id='word_1_112' title='bbox 1057 1020 1178 1070; x_wconf 88' lang='lat' dir='ltr'>potius</span> <span class='ocrx_word' id='word_1_113' title='bbox 1196 1029 1268 1058; x_wconf 89' lang='lat' dir='ltr'>non</span> <span class='ocrx_word' id='word_1_114' title='bbox 1286 1019 1428 1058; x_wconf 88' lang='lat' dir='ltr'>saevire</span> 
     </span>
     <span class='ocr_line' id='line_1_16' title="bbox 51 1086 1430 1139; baseline 0 -13"><span class='ocrx_word' id='word_1_115' title='bbox 51 1086 200 1127; x_wconf 88' lang='lat' dir='ltr'>omnino</span> <span class='ocrx_word' id='word_1_116' title='bbox 231 1097 337 1136; x_wconf 87' lang='lat' dir='ltr'>quam</span> <span class='ocrx_word' id='word_1_117' title='bbox 371 1087 503 1138; x_wconf 86' lang='lat' dir='ltr'>placari</span> <span class='ocrx_word' id='word_1_118' title='bbox 550 1097 593 1127; x_wconf 88' lang='lat' dir='ltr'>ea</span> <span class='ocrx_word' id='word_1_119' title='bbox 626 1087 728 1139; x_wconf 74' lang='lat' dir='ltr'>lege,</span> <span class='ocrx_word' id='word_1_120' title='bbox 776 1089 814 1127; x_wconf 85' lang='lat' dir='ltr'>ut</span> <span class='ocrx_word' id='word_1_121' title='bbox 842 1087 940 1127; x_wconf 87' lang='lat' dir='ltr'>alius</span> <span class='ocrx_word' id='word_1_122' title='bbox 970 1087 1175 1127; x_wconf 81' lang='lat' dir='ltr'>Promethei</span> <span class='ocrx_word' id='word_1_123' title='bbox 1209 1087 1283 1126; x_wconf 80' lang='lat' dir='ltr'>vice</span> <span class='ocrx_word' id='word_1_124' title='bbox 1314 1086 1430 1126; x_wconf 88' lang='lat' dir='ltr'>lueret</span> 
     </span>
     <span class='ocr_line' id='line_1_17' title="bbox 51 1153 1427 1206; baseline 0 -12"><span class='ocrx_word' id='word_1_125' title='bbox 51 1154 190 1202; x_wconf 78' lang='lat' dir='ltr'>(ct.&#39;G.</span> <span class='ocrx_word' id='word_1_126' title='bbox 223 1153 417 1195; x_wconf 86' lang='lat' dir='ltr'>Hermanni</span> <span class='ocrx_word' id='word_1_127' title='bbox 449 1165 578 1206; x_wconf 85' lang='lat' dir='ltr'>opusc.</span> <span class='ocrx_word' id='word_1_128' title='bbox 610 1154 753 1195; x_wconf 84' lang='lat' dir='ltr'>vol.lV.</span> <span class='ocrx_word' id='word_1_129' title='bbox 785 1167 870 1206; x_wconf 85' lang='lat' dir='ltr'>pag.</span> <span class='ocrx_word' id='word_1_130' title='bbox 889 1154 991 1203; x_wconf 81' lang='lat'>256)</span> <span class='ocrx_word' id='word_1_131' title='bbox 1012 1154 1055 1204; x_wconf 89' lang='lat'>²).</span> <span class='ocrx_word' id='word_1_132' title='bbox 1086 1177 1141 1183; x_wconf 89' lang='lat'>·—</span> <span class='ocrx_word' id='word_1_133' title='bbox 1171 1155 1252 1195; x_wconf 83' lang='lat' dir='ltr'>Mea</span> <span class='ocrx_word' id='word_1_134' title='bbox 1283 1154 1427 1204; x_wconf 84' lang='lat' dir='ltr'>quidem</span> 
     </span>
     <span class='ocr_line' id='line_1_18' title="bbox 51 1222 1428 1272; baseline 0 -11"><span class='ocrx_word' id='word_1_135' title='bbox 51 1222 231 1262; x_wconf 88' lang='lat' dir='ltr'>sententia</span> <span class='ocrx_word' id='word_1_136' title='bbox 265 1223 325 1272; x_wconf 88' lang='lat' dir='ltr'>qni</span> <span class='ocrx_word' id='word_1_137' title='bbox 356 1223 402 1263; x_wconf 79' lang='lat' dir='ltr'>ab</span> <span class='ocrx_word' id='word_1_138' title='bbox 433 1223 643 1263; x_wconf 87' lang='lat' dir='ltr'>Hermanno</span> <span class='ocrx_word' id='word_1_139' title='bbox 673 1223 800 1262; x_wconf 86' lang='lat' dir='ltr'>dicitur</span> <span class='ocrx_word' id='word_1_140' title='bbox 830 1223 931 1263; x_wconf 89' lang='lat' dir='ltr'>Deus</span> <span class='ocrx_word' id='word_1_141' title='bbox 969 1223 1049 1262; x_wconf 84' lang='lat' dir='ltr'>sine</span> <span class='ocrx_word' id='word_1_142' title='bbox 1088 1226 1185 1263; x_wconf 89' lang='lat' dir='ltr'>certo</span> <span class='ocrx_word' id='word_1_143' title='bbox 1217 1222 1365 1262; x_wconf 52' lang='lat' dir='ltr'>uuu’iine</span> <span class='ocrx_word' id='word_1_144' title='bbox 1396 1223 1428 1261; x_wconf 83' lang='lat' dir='ltr'>is</span> 
     </span>
     <span class='ocr_line' id='line_1_19' title="bbox 49 1290 1428 1347; baseline 0 -18"><span class='ocrx_word' id='word_1_145' title='bbox 49 1290 171 1347; x_wconf 84' lang='lat' dir='ltr'>aliqua</span> <span class='ocrx_word' id='word_1_146' title='bbox 215 1300 259 1330; x_wconf 89' lang='lat' dir='ltr'>ex</span> <span class='ocrx_word' id='word_1_147' title='bbox 306 1293 405 1341; x_wconf 85' lang='lat' dir='ltr'>parte</span> <span class='ocrx_word' id='word_1_148' title='bbox 447 1290 643 1341; x_wconf 82' lang='lat' dir='ltr'>respondet</span> <span class='ocrx_word' id='word_1_149' title='bbox 681 1290 713 1329; x_wconf 90' lang='lat' dir='ltr'>vi</span> <span class='ocrx_word' id='word_1_150' title='bbox 761 1301 804 1330; x_wconf 89' lang='lat' dir='ltr'>ac</span> <span class='ocrx_word' id='word_1_151' title='bbox 836 1292 987 1331; x_wconf 88' lang='lat' dir='ltr'>naturae</span> <span class='ocrx_word' id='word_1_152' title='bbox 1019 1290 1101 1338; x_wconf 77' lang='lat' dir='ltr'>sati,</span> <span class='ocrx_word' id='word_1_153' title='bbox 1146 1290 1242 1339; x_wconf 88' lang='lat' dir='ltr'>quod</span> <span class='ocrx_word' id='word_1_154' title='bbox 1287 1291 1428 1330; x_wconf 89' lang='lat' dir='ltr'>etiamsi</span> 
     </span>
     <span class='ocr_line' id='line_1_20' title="bbox 51 1358 1429 1409; baseline -0.001 -12"><span class='ocrx_word' id='word_1_155' title='bbox 51 1358 171 1408; x_wconf 87' lang='lat' dir='ltr'>ipsum</span> <span class='ocrx_word' id='word_1_156' title='bbox 204 1358 262 1398; x_wconf 91' lang='lat' dir='ltr'>ille</span> <span class='ocrx_word' id='word_1_157' title='bbox 293 1358 386 1398; x_wconf 89' lang='lat' dir='ltr'>deus</span> <span class='ocrx_word' id='word_1_158' title='bbox 419 1369 490 1397; x_wconf 92' lang='lat' dir='ltr'>non</span> <span class='ocrx_word' id='word_1_159' title='bbox 522 1358 582 1407; x_wconf 89' lang='lat' dir='ltr'>sit,</span> <span class='ocrx_word' id='word_1_160' title='bbox 614 1360 732 1398; x_wconf 86' lang='lat' dir='ltr'>tamen</span> <span class='ocrx_word' id='word_1_161' title='bbox 765 1368 848 1398; x_wconf 87' lang='lat' dir='ltr'>eum</span> <span class='ocrx_word' id='word_1_162' title='bbox 880 1359 1063 1408; x_wconf 83' lang='lat' dir='ltr'>tamquam</span> <span class='ocrx_word' id='word_1_163' title='bbox 1096 1359 1286 1398; x_wconf 88' lang='lat' dir='ltr'>ter-minum</span> <span class='ocrx_word' id='word_1_164' title='bbox 1312 1358 1429 1409; x_wconf 81' lang='lat' dir='ltr'>sigui-</span> 
     </span>
     <span class='ocr_line' id='line_1_21' title="bbox 51 1425 1428 1478; baseline -0.001 -13"><span class='ocrx_word' id='word_1_165' title='bbox 51 1427 152 1475; x_wconf 83' lang='lat' dir='ltr'>ficet,</span> <span class='ocrx_word' id='word_1_166' title='bbox 195 1437 302 1476; x_wconf 88' lang='lat' dir='ltr'>quem</span> <span class='ocrx_word' id='word_1_167' title='bbox 342 1426 479 1477; x_wconf 83' lang='lat' dir='ltr'>singuli</span> <span class='ocrx_word' id='word_1_168' title='bbox 525 1426 572 1465; x_wconf 85' lang='lat' dir='ltr'>dii</span> <span class='ocrx_word' id='word_1_169' title='bbox 618 1436 687 1466; x_wconf 91' lang='lat' dir='ltr'>sua</span> <span class='ocrx_word' id='word_1_170' title='bbox 725 1426 867 1476; x_wconf 91' lang='lat' dir='ltr'>quidem</span> <span class='ocrx_word' id='word_1_171' title='bbox 907 1426 1097 1467; x_wconf 76' lang='lat' dir='ltr'>efficientia</span> <span class='ocrx_word' id='word_1_172' title='bbox 1127 1425 1332 1478; x_wconf 83' lang='lat' dir='ltr'>transgredi</span> <span class='ocrx_word' id='word_1_173' title='bbox 1364 1435 1428 1464; x_wconf 88' lang='lat' dir='ltr'>ue-</span> 
     </span>
     <span class='ocr_line' id='line_1_22' title="bbox 50 1493 719 1544; baseline 0.004 -10"><span class='ocrx_word' id='word_1_174' title='bbox 50 1496 197 1544; x_wconf 89' lang='lat' dir='ltr'>queunt.</span> <span class='ocrx_word' id='word_1_175' title='bbox 258 1493 330 1535; x_wconf 87' lang='lat' dir='ltr'>Sed</span> <span class='ocrx_word' id='word_1_176' title='bbox 370 1495 459 1534; x_wconf 86' lang='lat' dir='ltr'>haec</span> <span class='ocrx_word' id='word_1_177' title='bbox 490 1493 682 1534; x_wconf 78' lang='lat' dir='ltr'>hacteuus,</span> <span class='ocrx_word' id='word_1_178' title='bbox 714 1530 719 1537; x_wconf 29' lang='lat' dir='ltr'>t</span> 
     </span>
    </p>
   </div>
   <div class='ocr_carea' id='block_1_6' title="bbox 355 1627 1120 1664">
    <p class='ocr_par' dir='ltr' id='par_1_6' title="bbox 355 1627 1120 1664">
     <span class='ocr_line' id='line_1_23' title="bbox 355 1627 1120 1664; baseline -0.001 0"><span class='ocrx_word' id='word_1_179' title='bbox 355 1627 438 1664; x_wconf 77' lang='lat' dir='ltr'>lv·</span> <span class='ocrx_word' id='word_1_180' title='bbox 486 1628 566 1664; x_wconf 76' lang='lat' dir='ltr'>De</span> <span class='ocrx_word' id='word_1_181' title='bbox 590 1628 737 1664; x_wconf 77' lang='lat' dir='ltr'>malo</span> <span class='ocrx_word' id='word_1_182' title='bbox 769 1631 824 1664; x_wconf 78' lang='lat' dir='ltr'>et</span> <span class='ocrx_word' id='word_1_183' title='bbox 848 1628 915 1664; x_wconf 75' lang='lat' dir='ltr'>de</span> <span class='ocrx_word' id='word_1_184' title='bbox 939 1627 1120 1664; x_wconf 76' lang='lat' dir='ltr'>fun-ns.</span> 
     </span>
    </p>
   </div>
   <div class='ocr_carea' id='block_1_7' title="bbox 52 1719 1434 2247">
    <p class='ocr_par' dir='ltr' id='par_1_7' title="bbox 52 1719 1434 2247">
     <span class='ocr_line' id='line_1_24' title="bbox 166 1719 1429 1771; baseline -0.002 -10"><span class='ocrx_word' id='word_1_185' title='bbox 166 1720 266 1761; x_wconf 84' lang='lat' dir='ltr'>Satis</span> <span class='ocrx_word' id='word_1_186' title='bbox 298 1731 500 1771; x_wconf 83' lang='lat' dir='ltr'>superque,</span> <span class='ocrx_word' id='word_1_187' title='bbox 541 1723 646 1770; x_wconf 88' lang='lat' dir='ltr'>puto,</span> <span class='ocrx_word' id='word_1_188' title='bbox 688 1723 920 1771; x_wconf 83' lang='lat' dir='ltr'>perspicuum</span> <span class='ocrx_word' id='word_1_189' title='bbox 953 1723 1030 1770; x_wconf 87' lang='lat' dir='ltr'>est,</span> <span class='ocrx_word' id='word_1_190' title='bbox 1061 1719 1146 1769; x_wconf 88' lang='lat' dir='ltr'>quid</span> <span class='ocrx_word' id='word_1_191' title='bbox 1176 1719 1221 1758; x_wconf 90' lang='lat' dir='ltr'>de</span> <span class='ocrx_word' id='word_1_192' title='bbox 1253 1719 1429 1760; x_wconf 82' lang='lat' dir='ltr'>bonarum</span> 
     </span>
     <span class='ocr_line' id='line_1_25' title="bbox 56 1787 1430 1839; baseline -0.002 -10"><span class='ocrx_word' id='word_1_193' title='bbox 56 1800 175 1829; x_wconf 90' lang='lat' dir='ltr'>rerum</span> <span class='ocrx_word' id='word_1_194' title='bbox 208 1788 334 1828; x_wconf 86' lang='lat' dir='ltr'>causis</span> <span class='ocrx_word' id='word_1_195' title='bbox 366 1787 576 1839; x_wconf 79' lang='lat' dir='ltr'>Aeschylus</span> <span class='ocrx_word' id='word_1_196' title='bbox 608 1788 779 1827; x_wconf 85' lang='lat' dir='ltr'>senserit.</span> <span class='ocrx_word' id='word_1_197' title='bbox 841 1787 1035 1827; x_wconf 86' lang='lat' dir='ltr'>Enimvero</span> <span class='ocrx_word' id='word_1_198' title='bbox 1065 1798 1086 1828; x_wconf 87' lang='lat' dir='ltr'>a</span> <span class='ocrx_word' id='word_1_199' title='bbox 1117 1787 1187 1826; x_wconf 89' lang='lat' dir='ltr'>diis</span> <span class='ocrx_word' id='word_1_200' title='bbox 1217 1787 1310 1827; x_wconf 88' lang='lat' dir='ltr'>adeo</span> <span class='ocrx_word' id='word_1_201' title='bbox 1341 1798 1430 1838; x_wconf 91' lang='lat' dir='ltr'>pen-</span> 
     </span>
     <span class='ocr_line' id='line_1_26' title="bbox 53 1854 1432 1905; baseline -0.001 -8"><span class='ocrx_word' id='word_1_202' title='bbox 53 1856 175 1897; x_wconf 87' lang='lat' dir='ltr'>dentia</span> <span class='ocrx_word' id='word_1_203' title='bbox 205 1856 328 1897; x_wconf 88' lang='lat' dir='ltr'>omnia</span> <span class='ocrx_word' id='word_1_204' title='bbox 358 1855 520 1895; x_wconf 87' lang='lat' dir='ltr'>humana</span> <span class='ocrx_word' id='word_1_205' title='bbox 550 1865 637 1894; x_wconf 87' lang='lat' dir='ltr'>esse</span> <span class='ocrx_word' id='word_1_206' title='bbox 669 1855 828 1905; x_wconf 88' lang='lat' dir='ltr'>credidit,</span> <span class='ocrx_word' id='word_1_207' title='bbox 861 1858 900 1895; x_wconf 88' lang='lat' dir='ltr'>ut</span> <span class='ocrx_word' id='word_1_208' title='bbox 929 1865 974 1895; x_wconf 89' lang='lat' dir='ltr'>ne</span> <span class='ocrx_word' id='word_1_209' title='bbox 999 1855 1163 1895; x_wconf 86' lang='lat' dir='ltr'>virtutem</span> <span class='ocrx_word' id='word_1_210' title='bbox 1190 1854 1333 1904; x_wconf 88' lang='lat' dir='ltr'>quidem</span> <span class='ocrx_word' id='word_1_211' title='bbox 1351 1856 1432 1895; x_wconf 90' lang='lat' dir='ltr'>sine</span> 
     </span>
     <span class='ocr_line' id='line_1_27' title="bbox 52 1922 1433 1974; baseline -0.001 -9"><span class='ocrx_word' id='word_1_212' title='bbox 52 1925 173 1965; x_wconf 86' lang='lat' dir='ltr'>divina</span> <span class='ocrx_word' id='word_1_213' title='bbox 226 1923 380 1974; x_wconf 87' lang='lat' dir='ltr'>quadam</span> <span class='ocrx_word' id='word_1_214' title='bbox 437 1933 547 1974; x_wconf 85' lang='lat' dir='ltr'>opera</span> <span class='ocrx_word' id='word_1_215' title='bbox 600 1922 767 1962; x_wconf 86' lang='lat' dir='ltr'>homines</span> <span class='ocrx_word' id='word_1_216' title='bbox 819 1923 970 1972; x_wconf 86' lang='lat' dir='ltr'>assequi</span> <span class='ocrx_word' id='word_1_217' title='bbox 1024 1933 1139 1973; x_wconf 61' lang='lat' dir='ltr'>posse</span> <span class='ocrx_word' id='word_1_218' title='bbox 1188 1923 1433 1963; x_wconf 84' lang='lat' dir='ltr'>arbitraretur.</span> 
     </span>
     <span class='ocr_line' id='line_1_28' title="bbox 52 1990 1432 2042; baseline -0.001 -10"><span class='ocrx_word' id='word_1_219' title='bbox 52 1993 132 2033; x_wconf 86' lang='lat' dir='ltr'>Jam</span> <span class='ocrx_word' id='word_1_220' title='bbox 178 1993 291 2033; x_wconf 85' lang='lat' dir='ltr'>oritur</span> <span class='ocrx_word' id='word_1_221' title='bbox 336 1991 525 2040; x_wconf 85' lang='lat' dir='ltr'>quaestio,</span> <span class='ocrx_word' id='word_1_222' title='bbox 571 1990 656 2040; x_wconf 87' lang='lat' dir='ltr'>quid</span> <span class='ocrx_word' id='word_1_223' title='bbox 703 1990 747 2029; x_wconf 90' lang='lat' dir='ltr'>de</span> <span class='ocrx_word' id='word_1_224' title='bbox 778 1990 875 2031; x_wconf 91' lang='lat' dir='ltr'>malo</span> <span class='ocrx_word' id='word_1_225' title='bbox 906 1990 1059 2041; x_wconf 86' lang='lat' dir='ltr'>ejusque</span> <span class='ocrx_word' id='word_1_226' title='bbox 1091 1991 1190 2030; x_wconf 86' lang='lat' dir='ltr'>sonte</span> <span class='ocrx_word' id='word_1_227' title='bbox 1221 1990 1432 2042; x_wconf 83' lang='lat' dir='ltr'>Aeschylus</span> 
     </span>
     <span class='ocr_line' id='line_1_29' title="bbox 54 2058 1434 2109; baseline -0.001 -9"><span class='ocrx_word' id='word_1_228' title='bbox 54 2060 225 2101; x_wconf 91' lang='lat' dir='ltr'>senserit.</span> <span class='ocrx_word' id='word_1_229' title='bbox 284 2059 320 2099; x_wconf 93' lang='lat' dir='ltr'>lu</span> <span class='ocrx_word' id='word_1_230' title='bbox 353 2070 425 2108; x_wconf 90' lang='lat' dir='ltr'>quo</span> <span class='ocrx_word' id='word_1_231' title='bbox 456 2058 621 2109; x_wconf 88' lang='lat' dir='ltr'>inprimis</span> <span class='ocrx_word' id='word_1_232' title='bbox 652 2058 874 2098; x_wconf 88' lang='lat' dir='ltr'>monendum</span> <span class='ocrx_word' id='word_1_233' title='bbox 907 2059 985 2107; x_wconf 83' lang='lat' dir='ltr'>est,</span> <span class='ocrx_word' id='word_1_234' title='bbox 1016 2068 1063 2097; x_wconf 89' lang='lat' dir='ltr'>ne</span> <span class='ocrx_word' id='word_1_235' title='bbox 1093 2059 1175 2107; x_wconf 87' lang='lat' dir='ltr'>quis</span> <span class='ocrx_word' id='word_1_236' title='bbox 1207 2059 1368 2098; x_wconf 87' lang='lat' dir='ltr'>Graecos</span> <span class='ocrx_word' id='word_1_237' title='bbox 1399 2061 1434 2098; x_wconf 90' lang='lat' dir='ltr'>et</span> 
     </span>
     <span class='ocr_line' id='line_1_30' title="bbox 55 2123 1433 2179; baseline -0.001 -12"><span class='ocrx_word' id='word_1_238' title='bbox 55 2126 279 2179; x_wconf 83' lang='lat' dir='ltr'>Aeschylum</span> <span class='ocrx_word' id='word_1_239' title='bbox 319 2126 528 2177; x_wconf 86' lang='lat' dir='ltr'>sejunctum</span> <span class='ocrx_word' id='word_1_240' title='bbox 575 2126 756 2177; x_wconf 88' lang='lat' dir='ltr'>quendam</span> <span class='ocrx_word' id='word_1_241' title='bbox 807 2136 830 2165; x_wconf 92' lang='lat' dir='ltr'>a</span> <span class='ocrx_word' id='word_1_242' title='bbox 875 2123 1024 2165; x_wconf 86' lang='lat' dir='ltr'>deorum</span> <span class='ocrx_word' id='word_1_243' title='bbox 1072 2124 1207 2174; x_wconf 83' lang='lat' dir='ltr'>fatique</span> <span class='ocrx_word' id='word_1_244' title='bbox 1252 2127 1433 2176; x_wconf 88' lang='lat' dir='ltr'>potestate</span> 
     </span>
     <span class='ocr_line' id='line_1_31' title="bbox 55 2192 1434 2247; baseline -0.002 -11"><span class='ocrx_word' id='word_1_245' title='bbox 55 2196 139 2236; x_wconf 87' lang='lat' dir='ltr'>mali</span> <span class='ocrx_word' id='word_1_246' title='bbox 172 2196 307 2236; x_wconf 82' lang='lat' dir='ltr'>fontem</span> <span class='ocrx_word' id='word_1_247' title='bbox 339 2194 540 2235; x_wconf 83' lang='lat' dir='ltr'>credidisse</span> <span class='ocrx_word' id='word_1_248' title='bbox 569 2197 682 2246; x_wconf 89' lang='lat' dir='ltr'>putet.</span> <span class='ocrx_word' id='word_1_249' title='bbox 746 2193 851 2245; x_wconf 83' lang='lat' dir='ltr'>Ipsae</span> <span class='ocrx_word' id='word_1_250' title='bbox 882 2192 1013 2233; x_wconf 86' lang='lat' dir='ltr'>Furiae</span> <span class='ocrx_word' id='word_1_251' title='bbox 1043 2192 1198 2233; x_wconf 83' lang='lat' dir='ltr'>multum</span> <span class='ocrx_word' id='word_1_252' title='bbox 1229 2193 1355 2243; x_wconf 85' lang='lat' dir='ltr'>abest,</span> <span class='ocrx_word' id='word_1_253' title='bbox 1393 2196 1434 2247; x_wconf 79' lang='lat' dir='ltr'>ut</span> 
     </span>
    </p>
   </div>
   <div class='ocr_carea' id='block_1_8' title="bbox 149 2350 1433 2396">
    <p class='ocr_par' dir='ltr' id='par_1_8' title="bbox 149 2350 1433 2396">
     <span class='ocr_line' id='line_1_32' title="bbox 149 2350 1433 2396; baseline -0.002 -10"><span class='ocrx_word' id='word_1_254' title='bbox 149 2351 186 2391; x_wconf 91' lang='lat' dir='ltr'>l)</span> <span class='ocrx_word' id='word_1_255' title='bbox 211 2354 288 2393; x_wconf 80' lang='lat' dir='ltr'>Qua</span> <span class='ocrx_word' id='word_1_256' title='bbox 312 2363 348 2386; x_wconf 85' lang='lat' dir='ltr'>re</span> <span class='ocrx_word' id='word_1_257' title='bbox 372 2356 550 2396; x_wconf 77' lang='lat' dir='ltr'>permotus</span> <span class='ocrx_word' id='word_1_258' title='bbox 563 2352 864 2396; x_wconf 83' lang='lat' dir='ltr'>Naegelsbachius</span> <span class='ocrx_word' id='word_1_259' title='bbox 889 2362 959 2385; x_wconf 90' lang='lat' dir='ltr'>non</span> <span class='ocrx_word' id='word_1_260' title='bbox 984 2350 1156 2384; x_wconf 77' lang='lat' dir='ltr'>dubitavit</span> <span class='ocrx_word' id='word_1_261' title='bbox 1173 2351 1299 2392; x_wconf 82' lang='lat' dir='ltr'>dicere,</span> <span class='ocrx_word' id='word_1_262' title='bbox 1324 2350 1433 2383; x_wconf 81' lang='lat' dir='ltr'>Grae·</span> 
     </span>
    </p>
   </div>
   <div class='ocr_carea' id='block_1_9' title="bbox 55 2409 1433 2566">
    <p class='ocr_par' dir='ltr' id='par_1_9' title="bbox 55 2409 1433 2566">
     <span class='ocr_line' id='line_1_33' title="bbox 59 2409 816 2443; baseline 0 -1"><span class='ocrx_word' id='word_1_263' title='bbox 59 2420 178 2443; x_wconf 78' lang='lat' dir='ltr'>eorum</span> <span class='ocrx_word' id='word_1_264' title='bbox 202 2409 286 2443; x_wconf 87' lang='lat' dir='ltr'>deos</span> <span class='ocrx_word' id='word_1_265' title='bbox 310 2420 388 2442; x_wconf 83' lang='lat' dir='ltr'>esse</span> <span class='ocrx_word' id='word_1_266' title='bbox 411 2410 622 2443; x_wconf 78' lang='lat' dir='ltr'>immortales</span> <span class='ocrx_word' id='word_1_267' title='bbox 647 2410 816 2443; x_wconf 82' lang='lat' dir='ltr'>homines.</span> 
     </span>
     <span class='ocr_line' id='line_1_34' title="bbox 147 2462 1433 2511; baseline -0.003 -12"><span class='ocrx_word' id='word_1_268' title='bbox 147 2464 183 2507; x_wconf 76' lang='lat'>2)</span> <span class='ocrx_word' id='word_1_269' title='bbox 209 2466 261 2500; x_wconf 82' lang='lat' dir='ltr'>Cf.</span> <span class='ocrx_word' id='word_1_270' title='bbox 288 2466 432 2509; x_wconf 70' lang='lat' dir='ltr'>‚,Grote,</span> <span class='ocrx_word' id='word_1_271' title='bbox 454 2467 592 2501; x_wconf 82' lang='lat' dir='ltr'>Griech.</span> <span class='ocrx_word' id='word_1_272' title='bbox 618 2467 728 2511; x_wconf 79' lang='lat' dir='ltr'>Myth.</span> <span class='ocrx_word' id='word_1_273' title='bbox 764 2465 835 2499; x_wconf 86' lang='lat' dir='ltr'>und</span> <span class='ocrx_word' id='word_1_274' title='bbox 860 2465 1027 2508; x_wconf 70' lang='lat' dir='ltr'>Antiquit.</span> <span class='ocrx_word' id='word_1_275' title='bbox 1055 2464 1172 2498; x_wconf 76' lang='lat' dir='ltr'>tiberis.</span> <span class='ocrx_word' id='word_1_276' title='bbox 1198 2474 1231 2496; x_wconf 88' lang='lat' dir='ltr'>v.</span> <span class='ocrx_word' id='word_1_277' title='bbox 1256 2462 1433 2497; x_wconf 86' lang='lat' dir='ltr'>Fischer“.</span> 
     </span>
     <span class='ocr_line' id='line_1_35' title="bbox 55 2520 286 2566; baseline 0.009 -12"><span class='ocrx_word' id='word_1_278' title='bbox 55 2523 81 2555; x_wconf 93' lang='lat'>1.</span> <span class='ocrx_word' id='word_1_279' title='bbox 102 2520 186 2566; x_wconf 66' lang='lat' dir='ltr'>pag.</span> <span class='ocrx_word' id='word_1_280' title='bbox 210 2521 286 2557; x_wconf 81' lang='lat'><strong>353.</strong></span> 
     </span>
    </p>
   </div>
  </div>
 </body>
</html>
