1748 3043
687 119 733 158 13

32 222 189 267 Πειθώ
243 237 310 266 sua
357 226 532 276 quaedam
599 226 631 265 iu
679 225 744 265 liar
791 235 828 264 re
881 224 934 263 vis
979 221 1210 263 attribuitur?
1276 223 1397 262 t'ausa

29 293 170 334 Orestis
215 297 293 335 acta
342 293 577 344 Eloquentiae
623 294 713 333 deae
757 304 779 333 a
817 293 975 333 Minerva
1012 291 1142 342 justus
1190 293 1399 342 permittitur

30 363 152 403 locus:
202 361 365 418 oze-'pyro
404 358 440 403 δ’
481 356 657 415 ι’)’μμτιια
699 362 893 409 Πειῧοῖς
939 360 1038 406 (ibid.
1072 358 1176 409 955,
1222 361 1268 400 cl'.
1301 360 1396 400 572.

30 427 156 482 Suppl.
189 429 302 476 507.)
337 429 499 471 Virorum
534 430 796 479 mulierumque
829 429 990 469 moi-inus
1020 429 1174 468 diversis
1206 427 1398 477 aliquoties

32 499 239 549 Aeschylus
270 499 416 549 egregie
447 502 480 538 et
511 499 704 538 el'llcaeiter
735 508 825 538 saue
859 508 951 538 usus
984 501 1052 536 est.
1097 497 1131 536 ln
1164 507 1235 546 quo
1268 496 1398 546 paulu-

32 567 104 606 lum
151 567 280 606 morari
325 576 455 617 operae
501 567 651 617 pretium
699 566 846 606 videtur.
923 565 957 605 lu
1006 565 1175 615 periculis
1220 563 1399 603 adeundis

31 636 186 675 virorum
219 636 296 681 est,
343 634 409 674 sibi
443 635 564 685 potius
596 635 776 675 coutidere
807 637 840 674 et
873 634 1021 674 rationis
1054 632 1182 672 lidncia
1215 632 1294 677 uiti,
1333 632 1397 670 sed

33 702 188 742 feminae
221 713 284 753 pro
315 713 385 742 sua
416 706 544 743 natura
578 703 829 743 tautummodo
861 703 1075 753 confugiunt
1107 701 1150 740 ad
1183 700 1287 748 deOS,
1318 700 1398 749 qui-

33 771 102 811 hus
134 770 218 810 nillil
251 770 436 810 efficacius
468 771 615 821 cogitari
649 772 766 822 possit
815 771 866 810 vel
909 771 941 810 iu
976 771 1084 810 rebus
1116 768 1282 808 adversis
1317 777 1400 818 pro-

31 838 224 890 pulsandis
271 837 324 877 vel
374 838 406 877 iu
454 840 639 889 prosperis
684 840 898 885 afferendis:
944 840 975 878 id
1013 839 1106 889 quod
1154 839 1228 878 lieri
1261 836 1400 876 Tliebis

32 906 253 957 oppugnatis
301 906 333 944 iu
374 905 555 955 colloquio
587 905 745 946 Eteoclis
784 907 954 956 cliorique
996 907 1171 957 virgiuum
1219 905 1401 945 ridemus:

33 974 208 1015 Eteocl.
249 970 493 1026 πειθαρχία
526 970 605 1026 γάρ
638 971 725 1014 ἐστι
763 976 835 1029 τῆς
865 970 1108 1029 εὗπραξίας
1139 970 1294 1029 gajum),
1330 987 1397 1025 yo-

31 1043 104 1098 νῆς
135 1042 350 1095 σωτῆρος·
391 1033 467 1081 ὧδ’
502 1038 583 1092 ἑβςει
621 1040 758 1095 λόγος.
821 1043 948 1082 Ultor.
987 1040 1077 1084 ἔστι
1115 1044 1238 1090 θεοῖς
1270 1037 1307 1081 ‹5'
1342 1035 1398 1079 ἔτ’

31 1107 148 1163 ἰσχῦς
180 1108 503 1163 καθυπερτέρα,
539 1107 720 1150 πολλάκι
757 1105 792 1151 δ’
827 1108 868 1150 ἓν
893 1112 1056 1151 κακοῖσι
1094 1109 1162 1150 ῖὸν
1180 1105 1402 1163 ἀλιιήχαιτον

32 1175 111 1218 κάκ
142 1177 339 1229 χαλεπᾶς
370 1173 476 1226 δύας
506 1173 615 1231 ὑπὲρ
648 1173 680 1217 τ’
715 1173 924 1229 ὖμμάῑων
957 1179 1257 1232 κρημναμενᾶν
1280 1191 1402 1232 νεφε-

34 1246 112 1287 λᾶν
143 1249 255 1287 σαοῖ.
288 1244 389 1297 Sept.
422 1244 503 1285 207
536 1246 580 1285 cf.
612 1245 732 1285 Proin.
767 1244 848 1285 513
875 1259 930 1295 sq.
963 1244 1057 1286 518.
1105 1244 1277 1286 Similiter
1308 1246 1401 1285 enim
1430 1252 1433 1253 ’

34 1315 249 1355 Prometheo
281 1313 483 1354 Oceanides
529 1314 718 1364 oppositae
756 1316 853 1353 sunt.
918 1312 1077 1361 Quarum
1118 1314 1266 1354 dearum
1300 1323 1402 1352 man-

32 1382 260 1423 suetudinem
291 1392 334 1422 ac
367 1383 485 1422 mitem
518 1381 626 1421 aniini
660 1382 838 1421 lenitatem
872 1392 903 1420 si
923 1382 1154 1432 perpenderis
1187 1383 1220 1420 et
1251 1381 1295 1421 ad
1314 1381 1403 1420 Pro-

35 1451 163 1491 metliei
196 1451 462 1501 comparaveris
495 1449 629 1489 virilem
663 1450 908 1500 pertinaciam,
942 1450 1091 1498 videbis,
1123 1460 1230 1498 quam
1250 1451 1404 1488 venusta

34 1520 81 1559 sit
127 1519 214 1559 llaec
259 1518 595 1558 dissimilitudinum
630 1517 837 1568 conjunctio
914 1517 1106 1559 Enimvero
1154 1517 1236 1557 uiliil
1285 1519 1405 1567 potest

33 1588 202 1639 cogitari,
248 1586 342 1636 quod
376 1587 494 1638 magis
526 1587 746 1626 eontrarium
779 1587 841 1625 sit:
891 1586 972 1626 illae
1019 1587 1051 1626 in
1086 1597 1197 1626 unum
1230 1586 1404 1635 temporis

33 1656 206 1706 punctum
237 1657 396 1695 attentae
426 1655 470 1695 de
494 1655 697 1694 Promethei
730 1654 833 1694 clade
865 1655 910 1694 ita
936 1654 1115 1704 judicant,
1147 1654 1249 1704 quasi
1283 1654 1402 1703 ipsum

34 1724 100 1763 sibi
133 1734 213 1763 eam
246 1724 476 1763 contraxisse
507 1725 650 1773 putent,
697 1724 750 1762 liic
783 1723 855 1773 pari
887 1723 1054 1771 acumtue
1085 1723 1118 1761 et
1150 1721 1338 1772 praeterita
1370 1724 1404 1759 et

36 1792 153 1831 lutura
189 1790 412 1842 perspiciens
444 1790 666 1840 exploratum
701 1790 828 1838 liabet,
868 1790 960 1839 quod
997 1791 1136 1837 lecerit,
1167 1790 1234 1829 sibi
1269 1788 1403 1828 facien-

35 1859 120 1898 dum
153 1859 289 1908 fuisse3
335 1857 417 1897 illae
451 1860 488 1897 ut
518 1859 703 1908 promptae
735 1859 822 1898 suut
865 1857 909 1897 ad
944 1858 1188 1897 venerandum
1235 1859 1269 1896 et
1302 1857 1403 1896 facile

34 1926 223 1977 indulgent
254 1926 359 1965 etiam
392 1926 484 1965 vitiis
516 1925 684 1975 aliorum,
715 1924 906 1974 siquidem
930 1926 1066 1964 amoris
1090 1927 1273 1974 tamquam
1307 1925 1402 1963 sitim

36 1996 268 2043 exstinguere
314 1995 489 2044 possunt,
535 1994 582 2033 ita
628 1993 728 2033 Jovis
777 1995 809 2033 iu
858 1993 1016 2044 regendo
1049 1994 1183 2033 inundo
1224 1993 1403 2032 liceutiam

36 2062 179 2114 silentio
211 2064 377 2112 premunt
408 2072 474 2104 nec
505 2058 621 2112 pietati
655 2063 688 2100 iu
722 2072 803 2101 eum
837 2071 928 2101 suae
958 2061 1153 2111 quidquam
1187 2061 1404 2112 indignatio-

38 2132 94 2170 uis
127 2132 274 2170 mixtum
307 2131 503 2180 patiuntur,
535 2130 590 2169 liic
611 2129 685 2169 lovi
718 2129 823 2180 plaue
855 2130 1042 2169 renunciat
1073 2129 1306 2168 reverentiam
1340 2138 1405 2167 uec

26 2199 208 2250 justitiam
240 2200 274 2237 in
308 2198 465 2250 singulis
497 2197 577 2248 ejus
611 2197 733 2245 factm,
780 2197 845 2237 sed
878 2198 910 2236 iu
945 2207 1062 2236 rerum
1095 2197 1240 2246 ordine,
1272 2197 1329 2246 qui
1362 2207 1406 2235 ex

35 2269 238 2318 temporum
263 2266 290 2315 ¹)
325 2267 560 2317 perpetuitate
593 2266 766 2316 pendeat,
798 2266 892 2306 cerui
924 2265 1134 2316 arbitratur;
1178 2265 1262 2304 illae
1294 2274 1404 2314 quum

38 2337 141 2386 ipsae
171 2336 205 2375 in
225 2335 426 2375 obedientia
451 2335 685 2383 acquiescant
716 2345 830 2384 neque
864 2345 1021 2383 unquam
1055 2332 1261 2383 patientiam
1294 2332 1404 2383 depo-

130 2493 163 2534 l)
188 2493 231 2527 cf.
256 2493 380 2533 Lelws,
405 2493 571 2535 populare
596 2492 694 2525 Aufs.
719 2495 922 2533 comment.,
955 2501 1044 2533 quae
1069 2489 1111 2522 de
1136 2490 1308 2522 Horarum
1333 2500 1405 2521 mu—

38 2561 119 2584 nere
144 2555 206 2591 est,
231 2561 311 2593 pag.
340 2549 381 2583 73
407 2561 458 2592 sq.
484 2554 517 2582 et
543 2561 622 2592 pag.
650 2546 694 2582 86
719 2560 769 2591 sq.
